2023 3287
269 224 326 264 48
811 223 1066 255 (¹AECIL1VS
1094 223 1293 255 STATlVS

963 325 1005 365 J]
1039 324 1104 379 (8)

390 402 526 444 Filius
558 417 677 443 meus
710 400 756 442 in
787 416 853 442 me
886 400 1045 442 incedit
1079 398 1254 456 [eccum]
1290 403 1355 441 sat
1387 401 1526 441 hilara
1558 401 1739 442 schema.

269 514 632 555 comoediographum
671 512 854 544 inducitur
890 514 996 553 pater
1034 511 1178 552 quidam
1210 512 1271 553 qui
1304 511 1465 542 habebat
1496 512 1584 543 duos
1618 512 1722 552 filios,
1761 517 1801 544 et

270 560 412 599 illum,
438 569 565 600 quem
584 558 684 589 odio
703 557 916 595 habebat,
942 566 1090 588 secum
1108 556 1327 596 habebat,
1347 566 1470 596 quem
1490 557 1681 596 amabat,
1707 560 1799 588 ruri

271 605 403 635 dedit..
454 605 549 644 Ergo
575 603 693 642 uides,
726 599 811 643 quia
844 601 982 632 amauit
1007 600 1173 632 Roscium
1210 603 1331 642 pater,
1366 601 1545 642 siquidem
1578 601 1673 632 hunc
1701 603 1800 644 agris

270 649 458 687 dederat,’
493 648 531 679 id
565 648 681 688 magiS
713 657 755 678 ex
781 646 929 687 ingenio
962 646 1255 677 commentatoris
1290 655 1395 686 quam
1429 655 1484 676 ex·
1504 649 1606 677 certa
1642 647 1800 678 scientia

271 694 418 725 fluxisse
438 692 590 726 uidetur.
640 691 908 723 ‘Menandrum’
929 701 1017 722 sane
1035 690 1126 721 dicit
1143 689 1395 729 Quintilianus
1420 691 1436 721 I
1464 692 1515 730 10,
1543 691 1600 722 18:
1627 693 1681 721 ‘et
1706 691 1800 733 apud

271 737 510 770 Menandrum
530 739 566 768 in
583 736 876 778 Hypobolimaeo
902 745 1037 767 senex
1064 735 1327 776 reposcenti
1354 733 1503 766 filium
1530 735 1648 776 patri
1674 735 1802 767 uelut

271 784 489 815 rationem
516 781 858 824 impendiorum,
885 790 995 821 quac
1023 780 1064 810 in
1091 779 1404 811 educationem
1423 779 1702 820 contulerat,
1728 791 1800 822 op-

271 838 443 869 ponens
470 827 639 868 psaltis
665 836 710 857 se
737 828 779 858 et
804 824 1049 867 geometris
1074 823 1211 855 multa
1238 823 1353 856 dicit
1378 823 1592 864 dedisse,’
1629 825 1692 856 sed
1717 825 1800 857 inde

272 884 362 905 caue
389 872 584 904 concludas
609 871 647 902 in
666 870 881 902 Caeciliana
905 869 1034 901 fabula
1061 878 1139 899 eum
1166 869 1282 900 locum
1309 879 1380 900 non
1399 869 1581 900 extitisse:
1609 879 1687 901 cum
1708 870 1801 901 enim

272 919 308 949 in
336 929 377 949 co
404 919 451 948 sit
477 916 749 957 Quintilianus,
774 917 814 946 ut
839 914 998 955 antiquis
1018 914 1128 944 etiam
1145 914 1369 955 temporibus
1387 914 1563 945 musicam
1580 914 1803 947 demonstret

273 963 427 994 maximo
453 962 489 992 in
516 961 650 992 honore
675 961 807 998 fuisse,
834 962 948 991 testes
973 958 1126 999 primum
1144 957 1270 989 laudat
1290 958 1449 990 Graecos
1475 958 1640 990 homines
1665 959 1802 1001 Pytha-

273 1018 397 1048 goram
422 1006 614 1038 Platonem
633 1006 841 1046 Lycurgum
859 1003 1043 1044 Archytan
1062 1003 1318 1035 Aristoxenum
1336 1002 1493 1044 Eupolin
1521 1004 1801 1045 Aristophanem

271 1048 525 1089 Menandrum,
550 1054 625 1081 tum
651 1050 791 1081 demum
817 1049 861 1080 ad
888 1049 1129 1079 Romanorum
1156 1048 1388 1089 disciplinam
1415 1049 1558 1079 transit.
1603 1048 1802 1080 Praeterea

273 1108 351 1129 cum
383 1095 633 1128 Menandreae
668 1094 818 1126 fabulae
845 1088 1135 1136 ‘Ynofiompacog
1167 1085 1189 1134 ἣ
1211 1085 1401 1134 ’Ἀγροικος
1433 1092 1598 1133 reliquiis
1636 1093 1725 1124 nihil
1758 1103 1802 1125 ex

272 1142 497 1174 Caecilianis
529 1143 628 1171 certo
663 1139 827 1180 componi
861 1141 1000 1180 potest,
1033 1138 1103 1168 nisi
1137 1138 1229 1179 quod
1261 1137 1355 1180 apud
1380 1137 1620 1168 Menandrum
1651 1138 1707 1169 111
1740 1139 1802 1178 (cf.

271 1188 333 1220 VI.
358 1187 403 1225 X)
430 1186 583 1218 docetur
607 1185 788 1216 rationem
816 1183 924 1223 nihil,
951 1192 1075 1214 casum
1101 1182 1222 1213 omnia
1247 1182 1390 1221 ualere,
1422 1182 1557 1214 similia
1583 1185 1703 1214 autem
1731 1183 1802 1214 dis-

271 1232 342 1263 seri
368 1231 530 1262 conicIas
555 1229 652 1271 apud
676 1232 840 1261 nostrum
865 1228 924 1260 VI.
972 1227 1104 1260 Versui
1129 1227 1195 1260 XI:
1230 1221 1295 1259 τὸν
1329 1220 1474 1269 ἄμητα,
1507 1223 1706 1268 Χαίριππ’,
1733 1222 1802 1260 οὐκ

272 1272 338 1319 ἐᾷς
369 1273 522 1308 πέττειν
553 1268 639 1306 τινοὶ
671 1273 870 1316 suspiceris
903 1272 1027 1304 nescio
1059 1271 1144 1313 quid
1177 1281 1258 1303 esse
1285 1282 1365 1303 cum
1392 1271 1618 1304 Caecilianis
1644 1272 1744 1312 VIII,
1771 1273 1803 1303 si

273 1321 503 1363 ‘placentae’
530 1319 621 1351 fides
640 1320 696 1350 sit.
746 1319 913 1359 Denique
932 1317 1080 1358 quaein
1101 1317 1270 1348 mulieres
1296 1317 1465 1348 dicimtur
1490 1317 1555 1349 IV:
1584 1313 1630 1348 τὰ
1657 1311 1801 1357 δεύτερ’

272 1364 332 1399 ἀεὶ,
359 1360 429 1406 τὴν
463 1366 632 1407 ’γυναῖκα
663 1362 732 1405 δεῖ·
759 1360 898 1404 λέγειν,
934 1356 1017 1403 Τὴν
1047 1356 1086 1393 δ’
1120 1356 1330 1403 ἡγεμονίαν
1356 1360 1428 1392 τῶν
1461 1352 1559 1393 ὅλων
1594 1357 1661 1393 τὸν
1688 1356 1801 1403 ἄνδρ’

272 1409 386 1453 ἔχειν.
434 1407 550 1447 Οἶκος
576 1403 614 1440 δ’
641 1403 680 1440 ἐν
706 1406 733 1452 ᾠ
761 1406 806 1440 τὰ
831 1403 957 1439 πάντα
981 1401 1165 1447 πρωτεύει
1197 1401 1312 1447 γυνή,
1350 1400 1430 1439 Οὐκ
1464 1403 1565 1438 ἔστιν
1596 1400 1700 1443 ὅστις
1725 1403 1802 1438 πτό-

272 1450 358 1488 ποτ’
384 1449 453 1487 οὐκ
479 1449 673 1494 ἀπώλετο,
699 1457 736 1484 et
763 1453 869 1485 VIII:
895 1449 1043 1483 πολλῶν
1069 1446 1165 1482 κατὰ
1193 1449 1266 1492 γῆν
1292 1448 1355 1482 καὶ
1381 1446 1477 1482 κατὰ
1503 1445 1706 1483 θάλατταν
1731 1451 1802 1492 θη-

273 1500 362 1543 ρίων
389 1494 530 1532 Ὄντων
570 1492 750 1540 μέγιστόν
782 1492 860 1530 ἔστι
897 1496 1038 1538 θηρίον
1072 1492 1190 1537 γυνιί,
1224 1507 1267 1527 ex
1302 1496 1355 1527 eis
1387 1495 1588 1527 Grauertus
1620 1495 1726 1528 Anal.
1759 1498 1801 1528 81

275 1545 433 1578 coniecit
450 1543 778 1586 Hypobolimacum
804 1543 864 1584 qui
890 1552 910 1573 a
928 1542 1037 1573 Festo
1064 1541 1195 1572 dicitur
1221 1539 1518 1573 Chaerestratum
1542 1550 1622 1572 cum
1648 1541 1804 1582 simplici

274 1589 563 1632 Hypobolimaeo
597 1588 806 1620 conuenire.
860 1586 962 1626 Quod
994 1585 1181 1617 Ciceronis
1215 1595 1317 1626 quem
1348 1585 1526 1626 descripsi
1556 1584 1638 1617 loco
1668 1586 1802 1627 optime

273 1646 360 1668 sane
388 1633 629 1666 confirmatur.
677 1634 769 1665 Item
787 1631 823 1663 id
842 1632 969 1663 doctus
994 1631 1049 1662 uir
1067 1630 1308 1672 probabiliter
1333 1630 1535 1672 proposuit,
1562 1640 1654 1672 quae
1679 1631 1803 1672 Hypo-

274 1680 477 1712 boliinaeae
504 1678 718 1711 Rastrariae
744 1677 889 1709 nomine
915 1676 1025 1717 uulgo
1053 1676 1235 1714 ferantur,
1269 1675 1313 1706 ad
1343 1675 1494 1706 eandem
1520 1675 1804 1716 Hypobolimaei

275 1726 353 1757 siue
371 1723 657 1766 Hypobolimaei
676 1722 925 1754 Chaerestrati
951 1721 1115 1753 fabulam
1142 1721 1336 1761 pertinere.
1388 1720 1497 1752 Certe
1516 1720 1673 1761 quodam
1697 1720 1803 1752 modo

275 1770 496 1802 conueniunt
520 1769 615 1800 inter
641 1778 678 1799 se
704 1768 799 1808 Hyp.
827 1767 841 1797 I
868 1769 904 1797 et
929 1766 1024 1807 Hyp.
1053 1767 1173 1797 Rastr.
1200 1765 1229 1804 1,
1256 1765 1350 1806 Hyp.
1377 1766 1407 1796 V
1427 1768 1463 1796 et
1488 1765 1583 1806 Hyp.
1609 1764 1729 1797 Rastr.
1754 1765 1803 1805 II,

274 1816 369 1856 Hyp.
396 1814 446 1846 IV
472 1816 509 1845 et
532 1813 626 1854 Hyp.
652 1812 771 1843 Rastr.
796 1811 846 1843 IV
872 1811 915 1850 V,
941 1810 1253 1842 necssaduersatur
1276 1809 1447 1841 librorum
1475 1809 1688 1841 auctoritas.
1714 1811 1802 1841 ·Ita-

275 1870 342 1901 que
369 1862 445 1891 tres
464 1858 623 1890 eiusdem
644 1856 851 1888 comoediae
877 1855 1002 1887 titulos
1027 1855 1222 1887 habemus:
1247 1854 1651 1896 Hypobolimaeum
1682 1853 1801 1896 (quem

275 1904 533 1936 ‘Subditiuum’
552 1902 785 1944 interpretati
802 1905 886 1932 sunt
903 1898 1164 1942 grammatici),
1190 1899 1588 1941 Hypobolimaeum
1609 1899 1804 1931 Chaere-

276 1952 479 1987 stratum,
507 1947 907 1989 Hypobolimaeum
934 1946 1229 1976 Rastrariam.
1277 1945 1470 1976 Rastraria
1495 1947 1616 1975 autem
1642 1944 1800 1975 indicem
1852 1979 1855 1983 Ι

277 2000 396 2026 utrum
421 1997 530 2035 poeta
556 1994 633 2035 ipse
658 1992 815 2030 dederit,
842 1990 936 2032 quod
962 1989 1163 2022 Grauertus
1189 1989 1320 2028 uoluit,
1354 1999 1400 2020 an
1426 1989 1656 2030 grammatici
1681 1990 1803 2031 potius

277 2038 586 2080 excogitauerint,
623 2041 663 2068 ut
694 2036 853 2068 affirmat
883 2034 1107 2066 Ritschelius
1139 2035 1287 2076 Parerg.
1319 2034 1337 2065 I
1369 2045 1401 2076 p.
1432 2034 1508 2074 XV,
1544 2037 1619 2065 tum
1662 2033 1802 2065 demum

278 2084 438 2126 perspici
463 2086 597 2124 posset,
622 2082 660 2112 ni
685 2081 806 2120 fallor,
831 2080 861 2112 si
887 2080 930 2112 de
957 2082 1170 2121 argumento
1196 2079 1275 2120 plus
1302 2081 1496 2110 constaret.
1537 2078 1595 2110 Ita
1621 2079 1717 2110 enim
1743 2089 1804 2120 ap-

274 2131 437 2171 pareret,
463 2137 546 2158 num
572 2137 662 2168 quae
695 2129 813 2157 rastro
844 2125 898 2156 illi
930 2126 965 2156 in
991 2134 1109 2156 rerum
1132 2124 1292 2155 ordinem
1312 2123 1569 2165 explicandum
1587 2123 1642 2155 uis
1665 2123 1804 2156 tributa

276 2174 387 2206 fuerit
412 2182 539 2204 necue.
588 2170 756 2202 Ceterum
788 2170 946 2212 repetita
972 2169 1123 2201 fabulae
1155 2169 1301 2201 actione
1328 2172 1450 2210 potest
1481 2168 1610 2199 titulus
1642 2171 1802 2200 mutatus

277 2219 402 2250 fuisse.
435 2235 478 2240 -—
510 2215 911 2258 Hypobolima·eum
942 2214 1211 2246 Aeschinum
1243 2217 1362 2252 recte,
1400 2217 1440 2244 ut
1470 2212 1631 2253 uidetur,
1670 2214 1715 2245 ab
1746 2214 1803 2245 his

275 2263 534 2295 discriminant
559 2261 757 2299 Grauertus
783 2271 814 2302 p.
842 2261 884 2292 79
909 2263 946 2291 et
972 2259 1033 2301 qui
1059 2262 1188 2291 contra
1213 2269 1291 2290 eum
1312 2257 1519 2290 Gellianam
1544 2257 1648 2290 fidem
1674 2258 1803 2290 merito

274 2308 480 2340 uindicauit
502 2305 724 2338 Ritschelius
747 2305 769 2338 l.
795 2305 816 2337 l.
842 2304 904 2345 (cf.
929 2315 963 2346 p.
991 2302 1081 2344 135).

366 2353 382 2384 I
413 2352 552 2383 Nonius
584 2352 664 2391 178,
700 2352 738 2382 17
769 2349 968 2389 ‘tetulit,
1000 2349 1084 2380 tulit
1109 2377 1115 2383 ,
1143 2373 1150 2380 .
1176 2375 1184 2382 .
1210 2347 1395 2380 Caecilius
1428 2347 1801 2390 Hippobolimen:

277 2399 502 2430 aerumnam’
530 2407 560 2428 c.
587 2406 620 2437 q.
647 2406 675 2427 s.
724 2394 1097 2437 (Hypobolimaeo
1130 2392 1309 2435 Scaliger)
1408 2393 1444 2424 11
1469 2393 1683 2424 Priscianus
1707 2392 1758 2424 VI
1783 2394 1802 2424 2

277 2455 311 2485 p.
339 2444 403 2475 679
429 2443 468 2474 Ρ.
517 2441 712 2473 ‘schema
744 2451 806 2481 pro
839 2439 1035 2472 schemate.
1084 2439 1252 2470 Valerius
1276 2461 1306 2470 ..
1324 2463 1331 2470 .
1356 2438 1512 2470 Plautus
1536 2462 1542 2468 .
1564 2462 1571 2468 .
1595 2464 1602 2470 .
1621 2436 1802 2469 Caecilius

278 2490 315 2519 in
340 2488 504 2529 Hippo:
531 2485 640 2518 filius’
669 2496 697 2517 e.
722 2496 754 2526 q.
777 2495 803 2516 s.
833 2483 1041 2524 (cecilius
1067 2484 1155 2525 Reg.
1181 2483 1319 2515 Amien.
1344 2484 1458 2524 Bong.
1485 2482 1669 2514 cicilius
1693 2482 1803 2524 Sang,

393 2594 443 2630 76
476 2604 575 2628 meus
604 2593 639 2627 in
670 2602 725 2627 nie
746 2594 884 2638 scripsi
911 2592 944 2626 in
967 2592 1077 2626 mein
1109 2601 1164 2626 me
1185 2590 1328 2626 Amien.
1362 2591 1396 2625 in
1429 2600 1483 2625 me
1514 2591 1633 2624 ceteri
1659 2589 1750 2625 libri
1767 2589 1803 2624 in

280 2651 357 2686 med
391 2650 552 2686 Rotlcius
637 2647 799 2696 incendit
829 2647 944 2683 Halb.
1043 2658 1164 2682 eccum
1189 2648 1345 2682 inserui.
1407 2645 1532 2692 Maqis
1562 2655 1613 2680 eoe
1634 2644 1806 2681 Plautini

280 2709 464 2743 sermonis
486 2705 756 2742 consuetudine
778 2709 854 2739 est.-
885 2703 979 2738 silius
1001 2713 1101 2738 meus
1123 2702 1244 2738 eccum
1267 2701 1400 2737 incedit
1421 2701 1454 2736 in
1477 2711 1531 2735 me
1553 2710 1583 2735 e.
1606 2714 1642 2747 q.
1665 2711 1695 2736 s.
1727 2706 1802 2735 luni

281 2762 374 2798 filius
398 2764 431 2798 in
453 2773 507 2797 me
529 2761 660 2797 incedit
691 2772 719 2796 s.
752 2760 787 2796 h.
809 2771 837 2795 s.
877 2759 1199 2806 Umpfenbaclzius
1229 2759 1409 2794 meletem.
1433 2757 1561 2792 Plaut.
1592 2757 1657 2800 47,
1690 2759 1802 2793 male.

280 2819 477 2854 Lacunam
508 2819 592 2854 olim
623 2819 677 2852 sic
698 2817 984 2852 indic-amram.-
1015 2815 1112 2850 lilius
1135 2810 1148 2864 Η
1173 2840 1181 2848 .
1206 2842 1213 2849 .
1238 2842 1245 2849 .
1279 2815 1313 2849 in
1342 2823 1396 2848 me
1426 2811 1558 2847 incedit
1588 2823 1617 2847 s.
1642 2812 1676 2847 h.
1700 2808 1731 2848 s.

282 2880 335 2909 snt
356 2876 496 2920 scripsi
524 2874 608 2908 satis
638 2874 727 2908 libri
841 2872 949 2906 hilara
980 2872 1070 2908 libri
1095 2873 1270 2917 plerique
1291 2869 1409 2916 hylara
1442 2868 1524 2903 Vat.
1557 2868 1680 2916 hilaria
1706 2869 1800 2917 Rey.
