2023 3287
282 247 337 286 44
807 247 1062 280 CAECILIVS
1089 247 1285 280 STATIVS

824 349 1267 392 HARPAZOMENE

986 427 1006 467 I
1039 425 1103 482 (3)

1132 497 1178 538 dl'
1206 498 1328 552 boni,

313 556 369 597 55
402 556 510 604 Quid
544 554 649 597 illud
683 559 746 601 est
777 556 1065 610 pulchritzitis!

975 633 1017 673 Π
1051 631 1117 689 (4)

403 742 410 749 .
474 742 481 749 .
514 708 628 750 hunc
661 709 816 750 collum
847 709 967 751 Ludo
999 707 1190 763 praecidi
1220 709 1335 750 iube!

967 785 1032 826 ΠΙ
1064 784 1128 840 (5)

401 861 581 902 Vtinam
611 846 877 916 pisciculite
909 862 1098 916 schema,
1131 862 1221 902 sine
1255 862 1448 903 cruribus

401 937 599 978 Videam!

407 1072 515 1122 Quid
548 1073 717 1128 11111103,
748 1074 929 1115 barbare
962 1071 1182 1115 indomitis
1216 1087 1313 1115 011111
1345 1073 1553 1127 1116111103,

313 1150 368 1192 60
401 1148 644 1191 Inlstterate
677 1149 820 1191 inlex?

979 1208 1018 1250 V
1052 1207 1118 1264 (2)

408 1285 493 1335 Qus
520 1286 650 1327 homo
682 1285 981 1340 ineptitudinis
1016 1286 1256 1327 cumuleitus
1290 1286 1450 1327 cultum
1484 1283 1643 1327 oblitus
1676 1299 1719 1326 es

374 1404 656 1434 HARPAZOMENE
682 1402 993 1444 (HARPASOMENE)
1053 1403 1218 1435 Eandem
1248 1403 1435 1436 titulorum
1471 1403 1812 1444 Harpazomene

282 1451 318 1480 et
348 1448 714 1490 Harpazomenos
747 1447 804 1488 (fr.
830 1447 899 1488 ΙΙΙ)
934 1448 1156 1480 uarietatem
1189 1448 1332 1480 notauit
1366 1448 1575 1480 Meinekius
1605 1448 1646 1479 in
1679 1458 1813 1489 cogno-

283 1494 378 1525 mine
405 1493 627 1524 Philemonis
654 1493 790 1525 fabula.
885 1493 902 1525 1
926 1494 1065 1525 Nonius
1093 1495 1166 1533 155,
1195 1495 1235 1525 17
1262 1492 1535 1533 ‘pulchritas
1568 1503 1632 1534 pro
1656 1491 1813 1533 pulchri-

282 1538 380 1571 tudo.
432 1537 612 1570 Caecilius
631 1539 932 1579 arpaiomene:
961 1538 1012 1569 di’
1038 1549 1069 1570 e.
1097 1548 1119 1579 q
1151 1548 1178 1570 s.
1272 1538 1308 1569 ΙΙ
1332 1537 1473 1570 Νο111113
1490 1539 1567 1577 200,
1585 1539 1627 1570 20
1654 1537 1813 1569 (0011113

282 1582 485 1615 masculino
504 1609 511 1616 .
533 1582 775 1616 ..Caecilius
801 1582 1147 1624 Sarpazomane:
1175 1583 1284 1623 hunc'
1304 1593 1334 1614 e.
1353 1593 1384 1624 q.
1403 1593 1430 1615 3.
1457 1582 1812 1623 (Harpazomene

280 1629 413 1661 Junius
445 1628 634 1659 Animadu.
670 1628 719 1660 VI
753 1626 807 1669 10)
900 1628 954 1660 III
983 1628 1171 1660 Charisius
1196 1628 1213 1659 I
1244 1638 1277 1669 p.
1312 1629 1373 1660 117
1400 1628 1440 1661 P.
1475 1627 1677 1659 ‘schema
1710 1628 1815 1668 quasi

281 1676 517 1714 monoptoton
537 1673 603 1712 sit,
623 1672 774 1714 proinde
793 1672 1000 1704 declinasse
1021 1673 1205 1705 Caecilius
1222 1673 1258 1704 in
1272 1668 1587 1716 Ἁρπαζομένῳ
1607 1672 1811 1705 denotatur.

281 1718 480 1757 Vtinam,
513 1718 649 1759 inquit,
684 1721 726 1750 te
745 1743 752 1750 .
772 1741 779 1749 .
798 1744 806 1751 .
830 1718 1019 1757 uideam,
1053 1728 1115 1759 pro
1142 1718 1353 1750 schemate.’
1446 1718 1497 1750 IV
1521 1717 1660 1749 Nonius
1695 1719 1747 1757 10,
1771 1719 1814 1749 23

281 1763 434 1794 ‘inlex’
461 1763 528 1804 (ita
554 1763 680 1795 ssamb.
708 1766 744 1795 et
768 1774 812 1795 m.
838 1773 888 1805 pr.
914 1762 1015 1794 Leid.
1048 1763 1139 1794 ilex
1170 1762 1298 1802 ceteri)
1327 1765 1379 1794 ‘et
1405 1762 1510 1794 exlex
1536 1765 1609 1802 est,
1643 1762 1705 1803 qui
1736 1762 1814 1794 sine

281 1808 364 1849 lege
390 1809 518 1840 uiuat.
540 1832 546 1839 .
566 1834 574 1842 .
592 1807 779 1840 Caecilius
809 1808 1156 1849 Sarpazomene:
1183 1807 1285 1849 quid’
1313 1818 1343 1839 e.
1362 1818 1392 1849 q.
1414 1817 1441 1841 s.
1471 1807 1657 1839 ‘Sisenna'
1676 1818 1705 1841 e.
1726 1817 1759 1848 q.
1785 1817 1813 1839 s.

284 1852 643 1894 (Harpazomene
661 1851 812 1894 Aldina)
909 1853 936 1884 V
961 1853 1100 1885 Nonius
1121 1852 1195 1893 128,
1215 1854 1255 1885 15
1282 1851 1561 1894 ‘ineptitudo
1581 1862 1644 1893 pro
1662 1852 1814 1894 ineptia,

282 1897 468 1930 Caecilius
491 1897 746 1939 Arpazone:
773 1898 849 1939 qui’
878 1908 908 1930 e.
937 1908 970 1939 q.
997 1908 1023 1933 3.
1071 1896 1429 1939 (Harpazomene
1456 1897 1511 1930 ed.
1540 1895 1640 1938 1526)

403 2005 454 2041 54
487 2016 542 2052 sq.
576 2016 650 2040 uno
688 2014 807 2040 uersu
845 2003 878 2039 ‹li
917 2003 1018 2039 honi!
1053 2003 1137 2051 quid
1169 2014 1201 2040 0.
1233 2017 1268 2051 q.
1300 2014 1331 2039 s.
1371 2014 1598 2050 componere
1623 2008 1814 2050 poteram.

396 2060 447 2097 56
481 2073 532 2096 an
565 2061 667 2096 huic?
782 2059 881 2095 Ludo
913 2060 956 2096 L.
988 2060 1154 2096 Mueller
1175 2071 1268 2096 mus.
1291 2060 1414 2096 Rlzen.
1438 2060 1586 2096 XXIII
1617 2060 1695 2096 696
1728 2060 1813 2096 ludo

284 2119 396 2165 uulgyo
429 2116 547 2164 gladio
579 2117 735 2162 Maelzly
768 2127 856 2152 (ιηη.
886 2116 1032 2162 plziloll.
1068 2116 1230 2162 186132.
1258 2115 1338 2153 140
1453 2117 1608 2163 praecipi
1640 2116 1742 2152 Leid.

283 2173 333 2209 57
357 2172 516 2220 pisciculi
541 2179 574 2208 te
597 2173 739 2208 schema
760 2173 980 2208 dubitanter
1001 2174 1155 2209 conieci.
1218 2172 1354 2208 tescioli
1376 2173 1556 2208 301101113ῑὸ
1578 2174 1658 2209 cod.
1684 2178 1717 2208 te
1737 2173 1814 2208 sine

282 2229 423 2265 schema
456 2231 511 2265 ecl.
529 2241 593 2275 pr.
627 2228 799 2264 bestiolae
833 2234 866 2264 10
897 2229 1039 2264 schema
1062 2228 1218 2275 Maelely
1237 2231 1263 2265 l.
1285 2230 1309 2264 Z.
1343 2235 1398 2275 te,
1431 2228 1540 2264 sciolo
1569 2229 1663 2264 istoc
1693 2225 1813 2277 (immo

281 2286 387 2321 istae:
421 2285 473 2331 ef.
507 2285 737 2321 Priscianus
772 2297 812 2331 p.
851 2284 930 2321 679
964 2284 1007 2320 Ρ.
1042 2285 1328 2321 CFWMueller
1364 2286 1517 2331 prosocl.
1556 2285 1685 2321 Plazct.
1719 2284 1813 2330 364)

282 2342 424 2377 schema
463 2343 547 2378 olim
597 2346 871 2388 temptaueram
1035 2341 1085 2378 59
1126 2340 1273 2376 barbare
1312 2352 1391 2376 cum
1436 2340 1617 2376 indomiUs
1653 2340 1812 2377 moribus

281 2399 390 2443 libri,
422 2400 582 2434 correxi
697 2398 749 2434 60
779 2397 975 2433 inlitterate
1006 2397 1099 2433 inlex
1131 2398 1165 2433 hi
1194 2402 1278 2432 sunt
1307 2397 1356 2444 (hi
1386 2403 1470 2432 sunt
1498 2399 1535 2433 in
1557 2395 1653 2444 ras.)
1677 2397 1813 2433 Bamb.

283 2454 466 2490 illitterate
505 2453 573 2489 ilex
605 2465 642 2489 03
683 2456 803 2490 ceteri
838 2453 943 2490 libri:
982 2456 1302 2500 iuterpolamenta
1342 2456 1512 2494 resecici5
1549 2453 1617 2488 ilex
1645 2452 1813 2498 formam

283 2511 380 2546 conl.
414 2511 546 2546 Plauti
574 2511 698 2546 Persa
732 2523 767 2546 u.
799 2509 879 2546 408
912 2510 1082 2556 defendit
1105 2510 1372 2546 Bueclzelerus
1402 2511 1496 2546 decl.
1529 2511 1596 2545 lat.
1622 2508 1684 2544 14.
1728 2508 1812 2556 quid

284 2577 426 2612 narras,
449 2565 620 2612 Barbare,
651 2577 730 2601 cum
752 2565 936 2601 indomitis
959 2565 1139 2611 moribus,
1167 2566 1373 2602 illitterate‘?
1411 2565 1491 2601 illex
1514 2576 1551 2600 es
1574 2564 1810 2612 Speugselius,

282 2632 376 2669 quos
407 2633 585 2658 mmwros
609 2624 732 2668 paulo
755 2624 990 2658 austeriores
1021 2623 1185 2669 quidem,
1219 2623 1287 2658 sed
1311 2622 1497 2669 ferendos
1527 2623 1709 2657 tamenin
1741 2621 1812 2657 hoc

276 2683 394 2724 poeta
426 2679 517 2714 dicit
635 2679 684 2714 61
718 2678 801 2725 quid
824 2677 1028 2714 Mercerus
1146 2679 1398 2714 Troclzaicam
1427 2688 1530 2714 minc
1552 2680 1812 2723 septenarium

283 2736 464 2780 discripsi
496 2732 554 2783 [ut
577 2735 771 2782 Berylcius
801 2736 946 2771 αηηαῑῖ.
977 2735 1122 2780 pleiloll.
1153 2734 1260 2772 1870
1278 2746 1318 2781 p.
1342 2727 1466 2784 825],
1498 2744 1582 2769 eum
1614 2735 1698 2769 olim
1720 2736 1810 2769 iam-

283 2791 347 2826 bos
378 2792 513 2827 audire
543 2792 634 2827 milii
663 2793 769 2827 uisus
801 2795 836 2826 ct
867 2790 1012 2826 oblitu’s
1049 2793 1086 2826 in
1119 2793 1226 2827 exitu
1257 2795 1292 2826 et
1330 2792 1442 2826 unius
1472 2800 1602 2825 morae
1631 2791 1812 2826 lacunam

285 2847 331 2881 ab
370 2849 473 2883 initio
514 2858 652 2884 uersus
679 2849 903 2893 posuissem.
965 2847 1086 2890 Quam
1124 2849 1308 2883 rationem
1340 2848 1450 2882 etiam
1485 2856 1587 2882 nunc
1620 2847 1738 2882 sentio
1777 2850 1811 2881 el

285 2912 450 2939 caesura
483 2908 517 2939 et
548 2904 724 2951 rhythmo
756 2904 1027 2941 commendari.
