2023 3287
282 198 432 232 LXXIV
867 193 1215 229 COROLLARIVM

283 304 352 352 (cf.
391 303 500 359 115).
564 302 718 344 (lomes
752 303 841 344 sive
875 315 1019 343 servus
1052 303 1140 343 sive
1179 317 1274 343 erus
1307 303 1396 342 sive
1439 302 1601 342 amicus
1633 305 1801 357 tergum

283 375 572 428 adgredientis
606 377 730 426 teyerc
762 376 804 414 et
833 374 1029 415 sustinere
1060 373 1126 413 vel
1159 373 1381 413 defendere
1414 375 1678 428 pugnantem
1711 374 1800 414 sive

283 446 562 486 altercantem
607 445 789 486 iubetur.
850 444 1079 485 Praeterea
1122 444 1233 498 quod
1277 443 1485 483 traditum
1530 445 1595 484 est
1637 444 1802 496 accipite

281 515 353 557 hoc
388 531 475 557 non
515 518 659 570 potest
701 516 897 570 intellegi
939 515 1024 556 nisi
1061 515 1111 555 de
1144 515 1400 556 vestimento
1437 514 1505 555 vel
1539 514 1624 555 alio
1663 528 1802 568 onere,

282 601 365 641 quo
399 601 442 627 se
463 586 672 640 impetum
704 586 895 628 facturus
915 587 1040 639 levet,
1071 586 1155 626 nisi
1181 585 1294 627 forte
1316 585 1656 626 succenturiatos
1676 600 1800 639 quos-

283 657 399 710 dam,
432 658 550 698 velut
581 658 781 710 lorarios,
820 672 869 698 ex
903 657 1070 697 insidiis
1105 657 1296 710 accipere
1332 655 1623 696 adversarium
1656 656 1801 696 verbe-

282 729 402 769 ribus
436 728 585 768 iubens
617 729 784 781 aecipite
820 728 927 768 huuc
963 727 1089 768 dixit:
1129 727 1179 767 cf.
1212 726 1356 767 Plauti
1388 725 1499 766 Men.
1534 726 1618 766 704
1651 724 1801 768 ‘adibo

284 801 409 852 atque
441 798 660 839 hominem
694 799 904 852 accipiam
925 798 1078 852 quibus
1105 797 1231 838 dictis
1265 796 1431 851 meret'3
1466 796 1682 850 Amphitr.
1704 797 1801 838 286.

284 869 368 910 296
402 868 508 910 Rud.
541 867 637 910 800.

402 940 487 981 245
520 940 721 981 Occasione
752 943 871 993 capta
899 939 1154 980 Duebnerus
1187 953 1364 992 quoque.

403 1011 487 1052 264
525 1010 739 1051 Disertius
778 1025 949 1052 monere
982 1012 1196 1064 poteram,
1234 1010 1424 1063 procella
1455 1009 1499 1049 in
1531 1009 1638 1049 mari
1670 1009 1802 1050 iacta—

283 1084 374 1122 tum
420 1084 462 1122 et
505 1082 575 1122 vix
621 1084 838 1123 servatum
883 1081 1011 1135 loqui.
1071 1080 1229 1122 Nescio
1275 1080 1387 1120 enim
1433 1095 1561 1133 quam
1611 1079 1805 1134 intellegi

284 1152 390 1192 velit
427 1152 604 1193 fulicam
643 1153 715 1206 qui
755 1167 895 1193 meam
934 1152 1148 1206 quandam
1187 1154 1374 1192 veterem
1413 1151 1704 1192 coniecturam
1741 1151 1804 1191 fu-

285 1225 403 1263 ratus
435 1238 572 1277 nuper
603 1224 852 1264 deverbium
884 1224 970 1264 tale
1009 1223 1216 1264 instituit:
1252 1221 1305 1263 ά]
1334 1222 1387 1262 a!
1421 1221 1553 1273 fulica
1589 1221 1682 1262 be‘nc
1710 1235 1804 1274 pcr-

284 1294 379 1335 isti!
411 1293 431 1339 [Γ
462 1295 508 1335 di
537 1297 572 1335 te
603 1296 843 1335 mactassent
872 1295 991 1335 malo.

404 1364 487 1406 267
533 1365 777 1406 Admodum
823 1366 982 1406 arridet
1024 1364 1240 1406 Gerlachii
1285 1364 1529 1405 coniectura
1571 1362 1806 1403 vellz'earier.

285 1452 386 1477 nam
417 1437 664 1489 velificando,
696 1436 736 1477 h.
759 1451 790 1476 e.
811 1436 1069 1477 blandiendo
1090 1436 1161 1490 qui
1194 1436 1311 1477 locus
1344 1435 1389 1476 in
1419 1434 1499 1474 hac
1533 1434 1806 1475 contentione

285 1507 427 1560 fuerit,
461 1521 585 1561 aegre
620 1508 859 1562 intellegas,
891 1507 973 1547 nisi
1006 1507 1118 1547 forte
1151 1507 1261 1560 quod
1282 1504 1618 1559 Bambergensis
1650 1506 1693 1544 et
1711 1503 1805 1545 Lei—

287 1577 429 1618 densis
464 1578 638 1618 alterius
672 1578 830 1618 indicio
865 1580 906 1618 et
938 1577 1258 1618 adlitteratione
1291 1575 1583 1617 commendari
1613 1575 1808 1616 videatur

285 1648 414 1689 verbis
446 1648 596 1689 laetare
633 1649 678 1689 in
709 1664 746 1689 v.
780 1648 865 1689 264
903 1648 1110 1702 accipias,
1148 1650 1196 1688 ut
1231 1650 1370 1688 totum
1408 1648 1625 1687 certamen
1661 1645 1808 1687 redeat

288 1718 340 1759 ad
379 1719 614 1760 blanditias
654 1722 836 1760 mutuas.
900 1721 945 1760 at
976 1720 1089 1760 enim
1121 1718 1250 1760 verbis
1286 1717 1400 1758 istud
1437 1716 1564 1757 facile
1597 1731 1647 1757 ex
1686 1731 1807 1770 supe—

287 1789 473 1831 rioribus
512 1790 655 1831 Plauti
696 1794 737 1832 et
769 1790 951 1844 Turpilii
991 1790 1197 1844 exemplis
1236 1787 1381 1843 (verbis
1417 1788 1687 1828 velitationem
1716 1786 1809 1840 fieri

289 1862 331 1900 et
360 1861 489 1902 verbis
519 1860 700 1917 ventare)
735 1876 877 1903 errore
897 1861 1066 1902 librarii
1098 1861 1181 1901 huc
1205 1858 1429 1900 transferri
1460 1858 1614 1912 potuit.
1659 1859 1807 1899 contra

286 1932 439 1971 iactata
471 1932 515 1972 in
548 1932 760 1985 principio
794 1931 1127 1973 concertationis
1158 1931 1275 1971 verba
1308 1932 1355 1970 ut
1386 1930 1476 1983 pila
1496 1929 1649 1982 proelii
1682 1928 1806 1969 initio

290 2001 452 2054 optime
486 2002 539 2042 ad
569 2003 839 2043 velitationem
869 2003 1090 2043 labrorum
1124 2017 1145 2042 a
1180 2001 1359 2041 velitum
1390 2000 1475 2040 levi
1509 2014 1557 2040 ac
1577 1999 1713 2040 veloci
1745 1999 1807 2039 in—

290 2072 484 2113 cursione
530 2076 748 2127 sumptam
793 2073 1015 2127 quadrant.
1084 2072 1265 2113 Prorsus
1310 2071 1441 2111 deleri
1484 2070 1722 2122 vele'fiearier
1766 2071 1809 2109 et

290 2143 534 2184 octona-rios
575 2143 784 2185 iambicos
825 2144 980 2184 iusto-eas
1018 2143 1138 2184 ve'rba
1176 2144 1329 2183 «iactare
1368 2142 1405 2182 εἴ
1444 2141 1571 2182 labris
1610 2139 1728 2180 Inte‘r
1767 2152 1808 2180 se
1868 2148 1871 2149 ’

288 2213 492 2254 velada-ier
529 2214 729 2254 distribui
768 2213 1084 2268 Studemundus
1122 2213 1252 2255 iubet.
1312 2212 1460 2266 Inepte
1499 2211 1672 2265 quidam
1712 2225 1807 2251 con-

290 2284 446 2325 iunctis
478 2285 610 2325 variis
642 2285 852 2326 librorum
872 2285 1133 2326 testimoniis
1164 2284 1293 2325 verbis
1311 2284 1431 2324 verba
1451 2283 1600 2324 laetare
1632 2281 1808 2333 effinxit,

291 2370 399 2409 quae
432 2355 531 2409 quid
565 2356 648 2396 sibi
682 2356 841 2396 vellent
875 2356 1118 2411 significare
1151 2355 1353 2409 dignatus
1384 2368 1471 2395 non
1503 2355 1577 2393 est.

409 2426 494 2466 270
525 2426 735 2480 Dactylos
768 2427 880 2467 inter
899 2425 1127 2468 trochaeos
1159 2425 1204 2465 111
1230 2424 1451 2466 octonario
1483 2422 1649 2463 defendi
1682 2437 1808 2476 posse

292 2511 460 2537 censeo:
498 2512 599 2538 nani
629 2498 902 2550 pcrtimuz'ste's
940 2496 1228 2550 compositum
1267 2497 1332 2535 est
1369 2492 1444 2549 (cf.
1476 2492 1684 2534 Rudentis
1723 2492 1807 2532 922

292 2564 525 2621 ‘suscitet'7
562 2568 650 2609 930
682 2566 970 2623 ‘instruam')3
1010 2567 1242 2608 te'rffeulam
1280 2567 1454 2606 tuentur
1486 2579 1535 2604 ex
1568 2563 1715 2603 eadem
1746 2562 1808 2602 fa-

292 2635 393 2675 bula
426 2636 616 2690 ‘oppida’
637 2639 734 2692 933,
767 2637 1060 2680 telleborosus'
1085 2637 1208 2690 1106,
1241 2635 1429 2677 Terentii
1454 2634 1571 2675 haut.
1596 2629 1676 2674 177
1710 2630 1808 2674 ‘sol—

293 2705 589 2763 licitudinem’,
621 2709 707 2751 580
740 2708 961 2751 ‘officium’
996 2708 1093 2750 alia.

412 2778 495 2818 288
529 2779 807 2821 Octonarium
839 2793 1005 2834 quoque
1037 2777 1271 2819 iambicum
1301 2774 1528 2830 temptavi:

470 2850 678 2903 repastina
707 2864 791 2892 sere
821 2850 914 2891 ante
945 2849 1112 2900 iuvenis,
1143 2848 1191 2889 ziz}
1220 2859 1339 2889 senex
1365 2847 1501 2899 fruyis
1529 2845 1661 2897 fruas.
