2023 3287
790 215 1138 253 COROLLARIVM
1590 215 1722 253 XCVII

201 325 394 379 exempla
419 340 458 367 1’.
486 324 538 366 19
567 326 609 365 01
638 323 732 365 108.
782 325 1058 366 manifestum
1086 325 1270 366 Phaedri
1295 325 1560 366 imitatorem
1586 325 1721 368 habes

199 396 244 437 111
281 411 317 437 v.
356 396 441 437 255
474 397 516 436 et
548 394 644 436 644.
707 394 836 449 quid?
869 396 980 449 quod
1014 396 1145 437 etiam
1178 396 1361 438 Horatio
1396 396 1624 450 subreptus
1657 398 1722 438 est

198 481 236 509 v.
263 466 360 508 547.
423 464 600 508 Catonis
628 463 822 507 Censorii
849 465 1011 506 dictum
1038 467 1186 508 subest
1211 467 1352 508 versui
1380 467 1480 521 670,
1502 465 1720 509 Ciceronis

198 536 329 577 verba
360 537 405 577 in
435 551 635 577 numeros
667 536 842 577 redacta
867 551 904 577 V.
937 535 992 577 35
1024 538 1065 577 et
1092 537 1188 592 667,
1219 537 1376 578 inflexa
1402 536 1658 586 Quintiliani
1683 553 1720 580 v.

200 607 285 648 534
319 609 361 647 01
393 606 490 648 553.
552 606 820 661 Quamquam
860 621 948 649 non
978 620 1088 661 nego
1123 622 1249 661 posse
1283 622 1379 648 cum
1412 622 1462 648 cx
1493 606 1561 648 his
1595 622 1720 662 quae-

199 677 298 718 dam
329 677 395 718 vel
429 691 479 718 ex
511 677 726 718 communi
758 677 876 719 fonte
909 677 976 718 vel
1009 677 1101 718 vice
1134 692 1258 719 versa
1288 693 1309 719 e
1335 692 1490 719 scaena
1516 677 1561 719 in
1586 678 1720 720 libros

199 748 371 789 fluxisse
398 750 490 788 tum
516 748 701 788 maxime
730 747 947 802 Senecam,
980 762 1106 802 quem
1133 750 1304 789 constat
1329 748 1449 789 mimi
1478 749 1721 791 amantissi-

199 834 315 859 mum
353 818 505 872 fuisse,
543 833 651 872 quae
686 817 783 872 Syri
822 818 1046 859 versiculis
1086 816 1201 873 (138.
1234 820 1331 860 238.
1365 820 1462 861 297.
1495 819 1592 861 352.
1624 820 1722 862 484.

199 889 295 930 572.
323 888 426 929 598;
454 888 504 929 cf.
533 889 711 943 append.
737 888 803 930 70.
834 889 902 931 84.
931 889 1025 930 132.
1050 890 1143 930 152.
1169 890 1261 930 162.
1282 889 1534 946 297-305)
1561 890 1723 933 similia

197 959 331 1000 habet
369 958 469 1000 hinc
506 960 712 1014 petivisse
750 959 895 1014 potius
940 974 1068 1014 quam
1110 960 1450 1002 commodavisse
1487 964 1722 1016 poetastro.

198 1029 420 1070 Accedunt
444 1044 544 1071 vero
571 1030 804 1071 multorum
832 1032 1028 1072 auctores
1051 1030 1203 1072 Graeci
1231 1033 1273 1072 et
1298 1031 1457 1086 tragici
1484 1029 1539 1087 (v.
1566 1033 1633 1074 36.
1654 1032 1721 1075 38.

204 1100 296 1141 192.
323 1100 421 1141 245.
447 1100 544 1141 328.
572 1099 669 1141 365.
695 1099 800 1157 468)
827 1103 870 1141 01
895 1101 1049 1142 00111101
1070 1100 1291 1156 (Diphilus
1312 1117 1348 1144 v.
1373 1102 1470 1157 636,
1489 1101 1723 1144 Menander

199 1185 237 1212 v.
268 1171 338 1212 49.
370 1170 438 1212 51.
471 1171 538 1212 61.
566 1172 632 1212 62.
661 1171 728 1213 83.
757 1171 851 1213 135.
882 1172 976 1213 143.
1003 1172 1100 1213 214.
1128 1173 1224 1214 330.
1251 1174 1348 1215 397.
1375 1172 1472 1214 471.
1498 1173 1597 1215 497.
1624 1172 1721 1215 537.

199 1241 296 1282 595.
330 1241 426 1282 601.
453 1241 548 1283 603.
576 1242 673 1283 617.
701 1239 816 1297 624).
873 1256 921 1283 110
948 1242 1162 1297 tragicum
1190 1243 1377 1284 colorem
1403 1243 1471 1284 vel
1502 1243 1563 1285 sic
1591 1258 1721 1299 agno-

197 1312 337 1353 vimus
357 1327 394 1353 v.
414 1311 511 1353 275.
554 1311 646 1353 Nec
666 1312 820 1353 desunt
837 1312 950 1353 inter
969 1313 1171 1368 gnomica
1191 1314 1258 1355 vel
1277 1313 1571 1368 proverbialia
1592 1313 1721 1356 Grae-

200 1397 346 1424 corum
366 1382 482 1423 dicta
507 1397 614 1436 quae
641 1382 817 1423 redeant
844 1384 956 1437 apud
978 1382 1136 1438 Syrum
1160 1386 1377 1426 nostrum:
1403 1386 1626 1439 tamquam
1647 1383 1722 1428 So-

200 1453 330 1494 cratis
359 1452 519 1494 Seneca
543 1453 692 1493 laudat
718 1454 978 1495 sententiam
1004 1470 1041 1496 v.
1074 1455 1156 1496 172
1183 1470 1442 1511 expressam,
1476 1455 1528 1497 ad
1553 1455 1722 1499 Aristo·

198 1524 329 1565 telem
357 1523 541 1564 refertur
566 1539 603 1565 v.
633 1524 728 1578 169,
753 1523 1013 1566 Plutarchea
1040 1525 1103 1567 ad.
1130 1541 1167 1567 v.
1198 1527 1278 1568 118
1307 1525 1446 1581 attuli,
1470 1524 1722 1582 Demophili

201 1594 460 1636 sententiam
493 1594 546 1635 ad
579 1595 676 1649 669,
708 1595 930 1649 paroemia
963 1596 1015 1636 ad
1047 1611 1083 1638 v.
1120 1597 1213 1638 102.
1250 1597 1344 1638 103.
1380 1597 1474 1638 111.

316 1665 434 1720 Ergo
467 1664 588 1707 varia
620 1666 742 1706 acute
776 1668 818 1707 et
848 1666 1079 1719 prudenter
1110 1667 1323 1709 dictorum
1342 1666 1516 1723 farrago
1536 1667 1722 1724 undique

201 1736 382 1778 collecta
414 1738 456 1777 et
479 1736 668 1778 numeris
690 1738 896 1790 quantum
919 1737 1011 1777 fieri
1031 1739 1203 1792 poterat
1223 1738 1424 1780 conclusa
1445 1740 1510 1779 est
1528 1740 1722 1794 tempore

199 1808 376 1850 incerto.
433 1807 533 1861 quid
554 1821 654 1861 ergo
677 1808 822 1849 obstat
854 1807 956 1861 quin
989 1808 1041 1849 ad
1072 1809 1352 1850 vetustiorem
1373 1808 1548 1850 Publilii
1581 1812 1722 1852 aetate

199 1878 385 1920 formam
418 1878 626 1932 quaedam
658 1878 936 1919 revocemus?
976 1880 1023 1920 ut
1053 1891 1185 1921 noenu
1216 1895 1253 1921 v.
1291 1880 1379 1921 494
1416 1880 1607 1935 restitui3
1644 1895 1723 1924 1100

201 1950 362 1990 veritus
402 1964 497 1990 sum
533 1948 579 1989 in
618 1948 852 2003 appendice
894 1965 930 1992 v.
970 1950 1026 1991 30
1065 1949 1372 2004 obiuriyatimei,
1411 1950 1466 1991 65
1500 1951 1722 2005 laudarier,

201 2021 285 2061 267
324 2020 459 2073 cctpz'cr
491 2021 532 2060 et
568 2020 706 2073 rapior
745 2020 982 2062 admittere.
1039 2020 1195 2075 quidve
1238 2020 1395 2062 mirum
1433 2022 1545 2076 quod
1591 2023 1722 2065 etiam

203 2091 503 2145 anapaesticus
530 2105 678 2131 versus
711 2091 795 2131 213
829 2093 872 2132 et
892 2091 1101 2134 octonarii
1120 2091 1297 2133 iambici
1317 2107 1353 2133 v.
1375 2091 1471 2133 657.
1493 2093 1576 2135 666
1599 2091 1722 2149 (110111

203 2162 382 2216 append.
408 2162 464 2203 96
498 2162 541 2202 01
570 2161 726 2203 herous
760 2163 941 2216 append.
978 2161 1049 2219 17>
1080 2162 1206 2204 inlati
1240 2163 1340 2204 sunt
1370 2162 1415 2204 in
1448 2163 1675 2220 syllogen‘?

321 2232 436 2281 Quae
464 2247 559 2273 cum
586 2232 822 2287 antiquitus
853 2233 986 2274 fuerit
1021 2233 1309 2288 amplissima,
1348 2233 1505 2275 accidit
1523 2234 1723 2290 primum,

202 2305 250 2343 ut
281 2303 476 2356 pluribus
509 2303 708 2344 manibus
748 2306 1056 2358 excerperetur,
1092 2304 1237 2358 itaque
1274 2304 1319 2344 in
1350 2304 1566 2346 breviaria
1596 2305 1722 2359 plura

202 2374 525 2427 dilaceraretur,
558 2373 675 2414 cuius
709 2389 862 2428 operae
895 2374 1151 2415 documenta
1181 2374 1415 2427 praecipua
1447 2374 1576 2416 etiam
1607 2389 1720 2417 nunc

203 2446 350 2485 extant
375 2444 482 2485 duae
507 2443 541 2484 F
545 2443 798 2499 risingensis
826 2446 868 2485 et
886 2444 1158 2487 Monacensis
1186 2444 1273 2486 sive
1294 2444 1536 2486 Turicensis
1569 2446 1719 2488 collec-

202 2515 354 2570 tiones,
387 2514 582 2570 quamvis
614 2514 731 2555 1111115
763 2529 930 2570 quoque
961 2515 1154 2557 familiae
1186 2514 1404 2556 codicibus
1435 2515 1615 2570 singulis
1643 2530 1720 2558 sua

203 2587 412 2641 quaedam
444 2585 619 2640 propria
652 2585 748 2626 sint.
808 2585 898 2640 Ipsi
931 2601 1030 2629 vero
1062 2586 1262 2629 versiculi
1294 2601 1463 2628 summa
1494 2585 1719 2628 scholasti-

204 2672 350 2698 corum
379 2657 557 2698 licentia
587 2656 713 2698 modo
747 2656 799 2698 ad
832 2657 940 2699 alios
970 2672 1184 2712 numeros,
1216 2659 1263 2699 ut
1291 2657 1369 2698 illa
1400 2671 1507 2711 quae
1536 2656 1720 2699 Ausonii

202 2728 374 2769 nomine
401 2728 597 2770 feruntur
621 2730 786 2781 septem
812 2728 1072 2781 sapientium
1098 2728 1225 2782 dicta,
1255 2726 1411 2780 inflexi,
1437 2726 1563 2769 modo
1588 2727 1719 2769 inter-

203 2798 340 2852 polati
375 2800 418 2839 et
443 2799 488 2840 in
512 2813 688 2854 prosam
714 2797 951 2840 orationem
978 2812 1027 2840 eo
1060 2798 1253 2852 consilio,
1283 2799 1332 2839 ut
1363 2796 1543 2852 videtur,
1574 2797 1718 2840 djffusi

205 2872 315 2924 sunt,
345 2871 393 2910 ut
417 2872 588 2924 praeter
612 2884 759 2912 versus
789 2869 889 2912 illos
923 2868 1063 2911 soluto
1097 2868 1227 2910 etiam
1259 2880 1455 2910 sermone
1487 2870 1718 2923 conceptae

275 2950 352 2980 Con.
370 2950 448 2976 LA'r.
467 2951 543 2977 Bm..
1410 2947 1434 2980 g
