2023 3287
287 211 371 254 394
776 212 1049 248 MARVLLVS.
1096 212 1324 248 Lvomivs

732 388 1380 446 MARVLLVS

789 525 1029 569 [NOERTI
1060 525 1306 575 NOMINIS

1041 604 1062 645 I

403 682 469 723 Tu
499 681 728 724 Hectorem
761 682 945 723 imitare:
978 681 1030 722 ab
1062 678 1155 722 'Ilio
1186 682 1421 736 numquam
1451 681 1611 723 recedis
1644 715 1652 722 .
1685 714 1693 722 .

1029 787 1074 829 II

404 865 539 907 Iulius
561 864 828 920 Capitolinus
860 865 906 906 in
924 865 1015 907 uita
1034 864 1247 906 Antonini
1272 865 1518 920 philosophi
1539 879 1572 906 o.
1593 865 1617 906 8
1651 865 1812 919 ‘adepti

285 942 511 997 imperium
533 943 593 984 ita
626 943 807 984 ciuiliter
828 957 870 984 se
892 943 1017 984 ambo
1051 944 1248 998 egerunt,
1280 944 1328 983 ut
1346 942 1568 983 lenitatem
1587 941 1653 983 Pii
1683 956 1810 983 nemo

286 1019 561 1075 desideraret,
612 1034 707 1061 eum
752 1035 824 1062 eos
867 1019 1076 1061 Marullus
1126 1020 1191 1061 sui
1239 1019 1444 1073 temporis
1488 1018 1810 1074 mimographus

285 1097 525 1139 cauillando
564 1097 725 1152 inpune
763 1096 1098 1152 perstringeret?
1169 1095 1231 1138 Cf.
1269 1097 1489 1151 praeterea
1532 1110 1658 1137 anon.
1695 1096 1810 1138 mim.

283 1174 334 1216 fr.
366 1174 440 1216 XI.

755 1340 1351 1398 LVGILIVS

784 1479 849 1522 IN
853 1479 1026 1522 OERTI
1056 1478 1098 1521 N
1101 1477 1302 1520 OMINIS

1037 1561 1060 1603 I

402 1639 445 1681 N
448 1654 504 1682 on
537 1641 601 1682 est
631 1642 772 1695 tuum,
802 1639 977 1681 fortuna
1009 1640 1122 1694 quod
1153 1637 1256 1681 fecit
1286 1641 1419 1681 tuum.

1027 1734 1071 1776 Π

402 1811 513 1853 Dari
540 1812 702 1854 bonum
734 1812 847 1867 quod
878 1812 1036 1867 potuit,
1068 1810 1231 1854 auferri
1258 1814 1412 1867 potest.

373 1943 428 1974 De
452 1943 637 1976 MARvLLo
670 1942 882 1975 testimonia
915 1943 1119 1984 composuit
1150 1941 1334 1984 Hanptius
1359 1943 1482 1974 Herm.
1507 1942 1524 1973 I
1547 1943 1590 1975 43
1682 1942 1700 1974 I
1726 1943 1807 1975 Ser-

282 1988 365 2019 uius
389 1989 427 2019 in
453 1988 540 2020 Aen.
566 1988 635 2018 VII
659 1989 725 2019 499
756 1990 911 2029 ‘perque
938 1986 1020 2029 ilia]
1054 1988 1122 2020 hoc
1151 1988 1199 2020 ile
1234 1991 1269 2019 et
1298 1988 1388 2019 haec
1414 1987 1480 2018 ilia
1512 1987 1614 2018 facit.
1663 1987 1746 2019 hinc
1771 1992 1808 2020 et

281 2032 491 2065 quenalis:
518 2034 573 2065 uis
601 2033 715 2064 frater
740 2033 785 2064 ab
811 2033 902 2074 ipsis
926 2033 1065 2064 Ilibus‘?
1090 2043 1171 2064 nam
1200 2033 1294 2074 quod
1319 2033 1538 2064 Marullus
1571 2033 1807 2074 mimogra-

284 2078 395 2119 phus
428 2077 562 2109 dixit:
593 2080 655 2109 tu’
690 2088 720 2109 e.
753 2088 786 2118 q.
821 2087 850 2110 s.
916 2081 1024 2109 ‘cum
1057 2078 1106 2109 de
1139 2078 1297 2120 guloso
1330 2078 1525 2116 diceret,
1558 2077 1722 2109 allusit
1754 2078 1807 2110 ad

283 2123 494 2155 ciuitatis
520 2133 685 2155 nomen.
741 2133 822 2154 nam
851 2123 901 2154 ab
925 2122 977 2154 ili
1009 2122 1135 2154 debuit
1166 2123 1315 2155 dicere.’
1370 2122 1467 2153 Idem
1496 2123 1533 2154 in
1558 2122 1624 2156 ecl.
1651 2123 1736 2163 VH,
1764 2125 1807 2155 26

284 2171 512 2210 ‘rumpantur
536 2172 575 2200 ut
600 2166 681 2209 ilia]
711 2168 805 2199 sicut
830 2169 941 2199 etiam
966 2168 1002 2199 in
1021 2168 1182 2200 Aeneide
1208 2169 1379 2206 diximus,
1405 2167 1472 2199 hoc
1497 2167 1545 2199 ile
1566 2171 1602 2199 et
1626 2167 1717 2200 haec
1742 2168 1807 2200 ilia

282 2213 374 2244 facit
400 2237 407 2244 .
433 2236 441 2244 .
467 2240 475 2246 .
500 2224 584 2245 nam
608 2212 787 2245 Marullus
819 2213 1089 2255 mimographus
1120 2213 1337 2255 contempsit
1369 2216 1480 2244 artem
1511 2213 1557 2244 ad
1589 2214 1706 2244 iocum
1733 2224 1807 2245 mo-

282 2258 455 2295 uendum,
480 2262 516 2290 et
541 2258 748 2300 parasito
776 2257 910 2289 dixit:
938 2262 983 2289 tu
1009 2261 1056 2289 ut
1080 2259 1252 2290 Hector
1278 2259 1330 2290 ab
1356 2258 1445 2289 Ilio
1476 2268 1710 2300 numquam
1738 2269 1807 2290 re-

283 2303 416 2335 cedis.
467 2307 524 2335 est
547 2306 670 2335 autem
695 2303 764 2334 hoc
791 2303 926 2335 dictum
953 2314 1017 2345 per
1042 2304 1323 2336 amaritudinem
1349 2304 1550 2336 rusticam)

374 2349 555 2381 chimvs
606 2349 750 2381 Seneca
776 2349 880 2390 epist.
906 2350 938 2389 8,
963 2350 983 2380 9
1009 2349 1184 2380 ‘alienum
1206 2355 1264 2381 rest
1290 2359 1410 2388 omne,
1442 2348 1617 2390 quicquid
1647 2348 1806 2390 optando

283 2394 407 2425 euenit
435 2392 531 2436 [Syri
557 2397 650 2426 sent.
680 2392 721 2436 1J.
769 2393 864 2425 hunc
888 2403 1031 2426 uersum
1059 2406 1080 2426 a
1105 2397 1140 2426 te
1166 2394 1239 2425 dici
1264 2404 1334 2425 non
1361 2393 1470 2435 paulo
1497 2393 1626 2425 melius
1651 2393 1715 2426 Sed
1742 2394 1805 2425 ad-

283 2438 448 2471 strictius
481 2439 644 2471 memini:
677 2449 761 2470 non
793 2442 860 2470 est
891 2442 1022 2471 tuum'
1058 2450 1088 2472 e.
1122 2449 1154 2480 q.
1187 2449 1214 2471 s.
1264 2439 1372 2471 ‘Illud
1407 2439 1518 2470 etiam
1551 2449 1646 2470 nunc
1676 2438 1805 2469 melius

283 2483 415 2515 dictum
442 2494 463 2515 a
494 2488 530 2516 te
563 2495 634 2516 non
666 2483 892 2526 praeteribo:
927 2484 1022 2516 dari
1054 2485 1225 2516 bonum’
1253 2495 1281 2518 e.
1310 2494 1342 2525 q.
1369 2494 1396 2516 S.
1451 2483 1686 2515 Rettulerunt
1710 2483 1806 2515 inter

283 2528 508 2561 Publilianas
535 2530 756 2561 sententias:
783 2529 829 2561 cf.
856 2533 948 2561 sent.
977 2529 1058 2562 fals.
1087 2531 1141 2561 41.
1169 2531 1234 2562 ‘243
1258 2530 1314 2561 W.

394 2660 558 2696 Marulli
586 2660 706 2696 uerba
737 2662 775 2696 in
797 2663 973 2696 senarios
1005 2657 1060 2708 (ab
1082 2660 1143 2696 llio
1167 2660 1362 2706 Numqm'nn
1385 2658 1429 2703 r.)
1451 2659 1593 2706 redwit
1621 2653 1803 2695 Botln‘us:

279 2718 451 2761 praetuli
478 2719 750 2762 septenarium.
867 2716 1056 2752 Hectorem
1089 2717 1227 2752 imitare
1259 2716 1299 2752 G.
1332 2717 1580 2752 Hermamms
1608 2717 1646 2751 in
1675 2715 1823 2751 Iahm'i·

283 2774 428 2809 amzall.
462 2773 587 2809 XXII
615 2773 692 2809 311
726 2772 768 2808 Η.
800 2774 948 2808 imitaris
981 2773 1142 2809 Seruius
1176 2775 1260 2809 loco
1288 2774 1432 2818 priore,
1476 2776 1515 2806 ut
1546 2770 1679 2807 Hector
1707 2773 1804 2808 idem

281 2830 404 2864 altero
433 2830 536 2874 loco,
569 2830 705 2876 quibus
736 2831 904 2875 receptis
925 2832 1120 2866 senarium
1151 2828 1345 2872 iit-Hector
1374 2833 1413 2863 tu
1442 2827 1578 2863 recedis
1609 2839 1802 2877 numquam

280 2883 322 2920 ab
352 2884 416 2920 llio
449 2887 684 2922 commendat
718 2885 986 2923 Buechelerus
