2023 3287
255 220 311 261 64
790 220 1046 253 eAEe1L1vs
1072 220 1269 253 STA'mvs

376 400 643 454 Propen‘itim
677 401 721 440 in
753 400 940 441 tenebris
973 399 1084 441 istuc
1117 400 1359 442 confectum
1392 402 1457 441 est
1489 415 1609 454 opuS.

377 552 666 607 Consequitur
699 558 838 594 comes
872 553 1104 608 ins6mnia,
1137 568 1185 594 ea¹
1217 555 1344 608 porro
1376 553 1589 595 insaniam
1623 553 1757 594 affert.

519 740 554 749 .,
589 707 624 747 is
658 706 828 747 deinum
862 704 1177 748 infortunatust
1208 706 1349 761 homo,

264 784 346 823 170
379 782 547 836 Paupe‘r
580 783 650 836 qui
683 783 824 823 educit
856 781 902 822 1¹11
934 777 1170 837 egestatem
1200 781 1379 836 liberos,

377 857 453 900 Cui
486 859 661 899 fortuna
694 862 735 900 et
767 874 833 900 res
865 859 980 900 mida
1013 862 1094 914 est,
1127 859 1331 900 continue
1364 860 1493 913 patet.

375 934 488 976 Nam
521 936 724 995 opulento
757 935 917 976 famam
948 935 1072 976 fz'tcile
1107 935 1292 977 occultat
1323 934 1465 975 feietio.

263 1053 369 1085 eilius
395 1053 536 1085 Plocio:
562 1053 732 1095 pudebat’
761 1064 791 1086 c.
819 1063 851 1094 q.
877 1064 904 1085 s.
998 1054 1048 1085 VI
1073 1053 1211 1084 Nonius
1240 1053 1318 1089 153,
1347 1054 1388 1083 14
1414 1054 1724 1095 ‘properatim,
1755 1054 1790 1086 id

259 1102 313 1130 est
346 1101 596 1140 properanter.
657 1097 855 1129 Caecilius:
893 1098 1129 1140 properatim'
1156 1107 1185 1129 e.
1213 1107 1246 1138 q.
1274 1107 1301 1129 S.
1356 1097 1455 1128 Idem
1493 1100 1573 1139 155,
1610 1101 1630 1131 3
1667 1102 1789 1141 ‘pro-

258 1144 452 1185 peratim
487 1146 524 1174 et
556 1144 774 1185 properiter,
809 1143 994 1183 celeriter,
1027 1146 1267 1185 properanter
1297 1167 1304 1174 .
1330 1166 1337 1173 .
1365 1169 1370 1175 .
1400 1169 1407 1177 .
1437 1141 1620 1176 Caecilius
1647 1145 1787 1175 Plocio:

257 1189 496 1230 properatim’
524 1199 553 1219 e.
579 1198 612 1229 q.
641 1198 667 1220 s.
695 1187 749 1228 (C.
774 1187 927 1220 Plocio
953 1188 1227 1230 properatim
1253 1197 1320 1221 oin.
1347 1186 1469 1228 Leid.)
1555 1189 1624 1221 VII
1649 1189 1790 1221 Nonius

258 1235 335 1273 209,
364 1234 403 1264 16
431 1233 716 1265 ‘insomnium
742 1233 882 1274 generis
909 1233 1036 1264 neutri.
1086 1232 1268 1264 Feminini
1294 1231 1476 1264 Caecilius
1503 1233 1642 1265 Plocio:
1669 1244 1790 1265 conse-

260 1278 397 1319 quitur’
424 1288 451 1311 e,
481 1289 512 1319 q.
542 1288 569 1309 s,
597 1277 798 1318 (Plochio
825 1278 942 1319 Leid.)
1037 1277 1124 1310 VIII
1149 1277 1289 1309 Gellius
1318 1277 1354 1308 ΙΙ
1379 1278 1433 1309 23.
1459 1279 1501 1309 24
1527 1279 1633 1321 ‘quid
1658 1279 1700 1311 de
1726 1279 1790 1311 illo

261 1333 400 1364 quoque
434 1323 512 1354 loco
545 1324 580 1354 in
614 1326 765 1365 utraque
792 1323 975 1355 comoedia
1008 1323 1127 1362 posito
1153 1322 1353 1353 existimari
1384 1322 1519 1354 debeat
1555 1324 1790 1355 manifestum

260 1372 333 1407 est,
367 1368 468 1399 euius
499 1368 567 1400 Ioci
599 1368 690 1399 llaec
723 1368 836 1399 ferme
869 1370 1068 1402 sententia.
1117 1367 1238 1399 Filia
1270 1367 1461 1398 hominis
1496 1369 1712 1410 pauperis
1746 1370 1789 1400 in

259 1412 509 1454 peruigilio
542 1413 712 1444 uitiata
744 1416 823 1445 est.
884 1414 945 1445 Ea
975 1422 1047 1444 res
1079 1412 1189 1444 elam
1232 1416 1405 1453 patrem
1438 1412 1539 1451 fuit3
1580 1418 1621 1444 et
1652 1413 1789 1445 liabe-

258 1458 391 1489 batur
428 1468 504 1499 pro
542 1458 728 1499 uirgine,
791 1458 851 1489 Ex
889 1469 937 1490 eo
967 1458 1079 1490 uitio
1116 1457 1306 1499 grauida
1345 1457 1577 1489 mensibus
1615 1460 1791 1490 exactis

261 1505 472 1544 parturit.
517 1502 677 1534 Seruus
705 1503 853 1535 bonae
880 1503 1020 1544 frugi,
1046 1513 1139 1534 eum
1165 1513 1241 1544 pro
1269 1502 1443 1534 foribus
1469 1501 1619 1534 domus
1645 1505 1792 1535 staret

261 1551 304 1578 et
340 1548 647 1589 propinquare
688 1552 862 1588 partum
900 1548 1006 1579 erili
1050 1547 1183 1579 filiae
1235 1550 1366 1588 atque
1414 1548 1587 1579 omnino
1630 1549 1789 1580 uitium

259 1602 354 1624 esse
381 1592 581 1623 oblatum
607 1593 860 1634 ignoraret,
888 1594 1099 1633 gemitum
1125 1597 1166 1624 et
1198 1591 1421 1633 ploratum
1448 1592 1576 1624 audit
1606 1593 1789 1635 puellae

261 1638 302 1668 in
328 1637 568 1679 puerperio
596 1638 835 1669 enitentis:
861 1639 992 1670 timet
1016 1637 1233 1669 irascitur
1258 1637 1522 1678 suspicatur
1548 1638 1790 1670 miseretur

260 1682 392 1714 dolet.
447 1682 496 1713 Hi
528 1692 652 1714 omnes
684 1686 801 1714 motus
834 1683 911 1715 eius
943 1682 1232 1723 affectionesque
1266 1682 1376 1713 animi
1408 1682 1443 1712 in
1476 1680 1618 1714 Graeca
1649 1683 1790 1724 quidem

260 1727 451 1758 comoedia
476 1727 692 1759 mirabiliter
717 1738 821 1759 acres
841 1730 876 1759 et
900 1727 1080 1759 illustres:
1107 1727 1219 1769 apud
1246 1725 1497 1759 Caecilium
1520 1730 1640 1759 autem
1658 1728 1791 1769 pigra

261 1772 406 1803 istmc
431 1773 576 1804 omnia
609 1775 651 1803 et
678 1783 698 1803 a
732 1783 871 1804 rerum
901 1772 1131 1814 dignitate
1159 1775 1288 1813 atque
1320 1772 1470 1813 gratia
1502 1782 1645 1804 uacua
1676 1777 1790 1806 sunt.

262 1817 368 1848 Post
398 1817 474 1848 ubi
504 1817 614 1848 idem
642 1827 799 1849 seruus
831 1817 1139 1859 percontando
1172 1817 1284 1858 quod
1309 1816 1538 1848 acciderat
1569 1818 1789 1859 repperit,

261 1861 325 1892 has
353 1862 446 1903 apud
473 1861 709 1893 Menandrum
736 1872 845 1894 uoces
871 1863 978 1894 facit.

534 1915 561 1956 ὦ
586 1921 666 1965 τρὶς
690 1924 956 1977 κακοδαιᾈζμων
985 1917 1087 1974 ὅστις
1113 1916 1164 1956 ὧν
1178 1921 1310 1978 πένης
1332 1926 1452 1975 γαμεῖ

530 1967 596 2001 καὶ
621 1965 905 2020 παιδοποιεῖθ’,
933 1965 983 2007 ὡς
1009 1962 1207 2019 αλόγιστός
1232 1963 1295 2001 ἐστ
1339 1962 1447 2011 ἁνήρ.

531 2007 573 2052 ὃς
599 2009 693 2066 μήτε
721 1995 905 2065 φυλακὴν
925 2013 1000 2047 τῶν
1025 2007 1249 2065 ἀναγκαίων
1275 2010 1372 2056 ἔχει,

531 2053 616 2109 μήτ’
643 2053 693 2091 ἂν
707 2055 912 2109 ἀτυχήσας
939 2057 992 2096 εἰς
1018 2070 1063 2090 τα
1090 2055 1200 2091 κοινὰ
1226 2058 1294 2090 τοῦ
1320 2057 1405 2101 βίου

533 2098 780 2158 ἑπαμφιοὶσαι
806 2099 965 2137 δύναιτο
991 2102 1105 2136 τοῦτο
1130 2098 1334 2160 χρήμασιν,

534 2142 622 2181 ἀλλ’
650 2144 690 2181 ἐν
717 2144 919 2194 ἀκαλύπτῳ
945 2147 1009 2181 καὶ
1035 2149 1258 2203 ταλαιπωρῳ
1284 2148 1353 2203 βιῳ

532 2190 817 2245 χειμαζόμενος
831 2184 905 2238 ζῇ,
919 2192 992 2227 τῶν
1017 2190 1099 2246 μὲν
1110 2187 1282 2245 ανιαρῶν
1308 2190 1403 2247 έχων

533 2235 573 2270 τὸ
590 2237 712 2292 μέρος
738 2233 935 2290 απάντων,
962 2237 1035 2271 τῶν
1061 2234 1099 2270 δ’
1127 2233 1289 2281 ἀγαθῶν
1314 2232 1430 2271 οὐδὲν
1456 2235 1583 2281 μέρος·

531 2277 628 2326 ὑπὲρ
654 2279 726 2326 γὰρ
752 2277 837 2321 ἕνὸς
855 2281 979 2326 ἀλγῶν
1006 2294 1182 2321 απαντας
1208 2283 1395 2316 νουθετῶ.

378 2403 455 2439 167
487 2403 708 2450 properatim
740 2415 809 2439 om.
842 2403 945 2439 Leicl.
981 2415 1019 2449 p.
1055 2401 1132 2439 155
1248 2398 1359 2451 istuc]
1394 2407 1480 2437 tune
1518 2403 1608 2438 libri
1635 2415 1673 2449 p.
1710 2402 1787 2439 155

379 2459 456 2495 168
488 2459 604 2495 aufert
626 2460 728 2495 Leid.
753 2458 852 2494 ass'ret
884 2460 933 2495 W
1044 2459 1294 2495 Senariorum
1316 2460 1477 2494 (luorum
1499 2459 1649 2495 dimidia
1679 2461 1790 2506 uulyo

260 2520 479 2561 ponuntur:
499 2516 643 2551 hiatum
665 2521 772 2563 atque
795 2520 884 2551 (wele
906 2526 944 2550 ea
973 2518 1156 2551 insertum
1184 2514 1363 2561 aequabit
1455 2515 1531 2551 169
1554 2515 1607 2550 his
1630 2515 1733 2551 Roas.

265 2571 523 2607 insortuiiatust
556 2571 780 2619 Spenqelius
810 2576 864 2607 est
895 2571 1138 2606 infortunatus
1170 2571 1272 2607 Rott.
1309 2571 1387 2607 Vat.
1420 2571 1514 2618 Ray.
1545 2570 1789 2606 infortunatus

264 2633 318 2662 est
340 2630 453 2674 uulqo
541 2628 647 2663 homo
670 2627 821 2675 Pauper,
844 2628 904 2674 qui
927 2629 1039 2674 uulyo
1130 2627 1209 2663 170
1231 2632 1428 2673 egestatem
1451 2628 1551 2662 Rott.
1588 2627 1669 2662 ναί.
1695 2627 1788 2674 389.

265 2689 424 2730 egestate
445 2686 575 2730 uulyo‘
684 2684 760 2719 171
793 2694 850 2719 res
882 2689 921 2719 ut
943 2689 997 2719 est
1016 2684 1122 2728 libri,
1146 2685 1316 2719 correxi.
1338 2693 1393 2717 res
1416 2688 1483 2728 est,
1506 2687 1544 2718 ut
1567 2682 1792 2730 Spenyelius

266 2750 347 2774 eam
363 2743 522 2776 omnium
538 2741 719 2779 librorum
735 2742 933 2776 lectionem
948 2740 1169 2785 perhibens,
1201 2739 1346 2774 Parum
1360 2741 1611 2785 perspicuum
1624 2738 1652 2785 s
1650 2741 1702 2774 uit
1718 2749 1790 2785 reS,

266 2823 305 2852 ut
336 2824 374 2853 ut
405 2823 474 2864 est,
506 2819 608 2865 quod
636 2820 721 2854 olim
751 2819 943 2855 dederam.
1033 2795 1137 2866 patet-²
1167 2817 1271 2853 Rott.
1370 2816 1447 2853 172
1480 2817 1605 2852 samem
1630 2817 1731 2853 Rota.

266 2873 402 2908 facilen]
421 2874 520 2910 Rott.
548 2875 630 2910 Val.
655 2874 747 2921 Rey.
823 2874 981 2910 occultat
1001 2886 1069 2910 om.
1091 2875 1201 2911 Rottt
1270 2872 1380 2908 saccio
1403 2873 1504 2909 Rott.
1580 2873 1656 2909 Hic
1673 2877 1790 2909 uersi-
