2023 3287
275 211 326 251 76
801 211 1058 245 CAECILIVS
1084 212 1280 246 STATIVS

941 315 1004 357 XI
1036 314 1130 371 (18)

746 393 953 447 quantuni
987 395 1207 434 amantum
1239 393 1284 433 in
1317 390 1473 433 'Attica
1507 395 1569 433 est

940 469 1026 510 XII
1059 468 1123 525 (S)

1121 554 1281 581 nomen
1313 539 1506 595 uirginis,

277 609 362 649 ⁶255
394 608 488 650 Nisi
520 609 677 651 mirum
711 613 792 664 est,
824 611 1122 666 deintegraiuit.

921 687 1027 728 XIII
1061 686 1155 742 (31)

390 763 576 804 Venerio
610 779 735 805 eursu
767 765 884 819 ueni,
919 765 1086 818 prolato
1119 765 1225 818 pede

389 839 534 894 Vsque
569 840 621 880 aid
654 841 912 894 seaphonenl

778 1010 785 1016 .
829 991 955 1016 mane
988 978 1036 1016 ut
1067 977 1116 1016 ex
1148 978 1275 1029 portu
1307 976 1352 1017 in
1383 975 1578 1018 Piraeum

991 1051 1073 1093 XV

745 1124 870 1165 deun]
903 1124 974 1177 qui
1007 1138 1094 1164 non
1129 1126 1340 1164 summum
1372 1125 1506 1177 putet,

275 1200 360 1241 260
392 1200 481 1241 Aut
514 1201 691 1241 stultum
726 1202 799 1241 aut
831 1214 971 1241 rerum
1004 1214 1093 1241 esse
1128 1198 1359 1254 inperitum
1392 1198 1660 1241 existumem:

269 1330 351 1362 tiis
371 1329 537 1361 laetus
557 1328 582 1370 (l
593 1329 774 1360 tetitiis
799 1328 947 1361 laetus
965 1329 1141 1370 Μπῒγιιί-
1146 1330 1298 1370 Laguna
1317 1329 1327 1360 l
1339 1329 1539 1368 πεῒὶῐίἰ5,
1559 1340 1625 1361 om
1645 1330 1796 1362 laetus

267 1374 377 1406 Meda*
405 1375 569 1413 lactus,
595 1385 660 1406 om
689 1374 893 1406 laetltns
910 1374 1006 1407 Med
1013 1373 1044 1415 ¹)
1078 1373 1136 1406 Cf.
1154 1374 1272 1416 Epist.
1292 1374 1326 1405 11
1345 1374 1507 1409 Obolost
1525 1375 1555 1406 V
1626 1375 1676 1407 XI
1702 1375 1794 1406 Cha-

269 1419 376 1451 risius
395 1420 410 1450 I
438 1430 459 1461 p
492 1421 534 1452 98
552 1399 592 1450 Ρ
616 1413 850 1450 amantum
877 1419 1084 1459 Caecilius,
1110 1422 1147 1450 ut
1172 1419 1281 1450 etiam
1300 1419 1440 1451 Plinius
1458 1422 1578 1451 notat:
1605 1423 1794 1461 quantum’

268 1474 295 1496 c
323 1475 354 1505 q
381 1475 408 1496 5.
502 1465 571 1496 XII
596 1465 736 1496 Nonius
763 1465 842 1502 101,
870 1460 1258 1504 25de1ntegr1re
1282 1464 1488 1496 deminuere
1514 1488 1546 1495 ..
1569 1464 1793 1498 ‚Caecilium

267 1503 407 1541 nomen’
435 1519 462 1544 e,
482 1519 515 1549 q.
536 1519 563 1540 5.
656 1509 742 1541 XIII
760 1508 921 1540 Isidorus
939 1509 1038 1548 Onig
1058 1508 1143 1540 XIX
1168 1510 1200 1548 4,
1225 1511 1245 1540 5
1264 1504 1480 1550 scaphon
1506 1509 1602 1541 funis
1627 1510 1665 1541 in
1689 1520 1796 1551 prora

266 1555 417 1595 positus.
465 1554 508 1585 de
541 1564 609 1595 quo
643 1553 848 1585 Caecilius:
880 1548 1047 1585 Venelio'
1079 1564 1109 1585 e.
1141 1564 1175 1594 q.
1208 1564 1234 1585 s.
1271 1553 1467 1593 (cicilius
1498 1553 1682 1586 Wolfenb.
1716 1558 1753 1586 et
1777 1567 1795 1588 e

267 1610 311 1633 m.
330 1601 349 1630 2
377 1609 555 1640 suprascr.
574 1599 762 1640 Sangeifflm
786 1600 852 1630 805
879 1598 1095 1638 cecilius,
1119 1608 1164 1630 m
1184 1600 1203 1630 2
1229 1609 1411 1639 suprascr,
1438 1598 1624 1631 lucilius
1649 1599 1793 1632 Monac.

266 1644 474 1682 licinius,
498 1654 675 1685 suprascr.
704 1643 830 1675 eadem
856 1655 899 1675 m.
926 1643 996 1675 uel
1024 1643 1214 1675 cecilius
1240 1644 1431 1684 'l'ege1·.‚ns
1453 1644 1545 1676 unde
1576 1643 1620 1676 de
1646 1648 1794 1677 auctore

266 1689 372 1720 huius
397 1688 470 1720 loci
497 1688 658 1720 dubitari
683 1698 788 1730 posse
813 1692 936 1720 monet
962 1687 1193 1741 Spengelius)
1219 1689 1358 1720 Extant
1376 1688 1503 1720 eadem
1526 1689 1564 1720 in
1582 1689 1690 1730 gloss
1708 1689 1797 1721 Ber-

267 1735 369 1765 nensi
461 1733 546 1765 XIV
572 1733 702 1765 Cicero
721 1733 767 1765 ad
792 1733 869 1767 Att.
887 1734 954 1765 VH
972 1728 1110 1774 3,10
1117 1743 1225 1765 uenlo
1251 1733 1295 1764 ad
1321 1733 1494 1772 Piraeea,
1520 1735 1557 1765 in
1584 1744 1653 1775 quo
1680 1735 1795 1776 magis

269 1778 584 1830 leprehendendus
609 1789 685 1810 sum
713 1778 809 1820 quod
841 1778 946 1811 homo
977 1759 1164 1810 R’omanus
1189 1778 1342 1810 Piraeea
1375 1779 1596 1820 scripserim,
1629 1790 1701 1811 non
1726 1780 1796 1811 Pi-

266 1833 416 1854 raeum
441 1841 482 1845 -—
510 1824 563 1855 sic
583 1824 677 1855 enim
696 1833 815 1855 omnes
833 1824 949 1855 nostii
973 1823 1086 1855 locuti
1105 1826 1188 1855 sunt
1211 1845 1252 1848 —
1280 1833 1386 1864 quam
1413 1824 1457 1854 in
1483 1823 1576 1864 quod
1597 1824 1794 1856 addiderim

323 1872 539 1900 ..nostrum
567 1868 711 1910 quidem
737 1869 769 1900 si
796 1872 852 1901 est
876 1871 1081 1910 peccatum,
1108 1869 1144 1899 in
1170 1878 1210 1900 eo
1237 1872 1292 1899 est
1317 1868 1410 1909 quod
1436 1878 1507 1899 non
1524 1872 1565 1901 ut
1591 1868 1634 1900 de
1661 1869 1795 1921 oppido

267 1913 408 1945 loeutus
435 1924 521 1951 sum,
548 1913 610 1945 sed
628 1917 667 1944 ut
686 1913 846 1950 deloco,
873 1920 1087 1954 secutusque
1112 1923 1207 1950 sum,
1234 1923 1304 1944 non
1329 1913 1410 1944 dico
1435 1912 1652 1944 Caecilium:
1679 1909 1794 1945 mane'

266 1968 295 1989 e.
315 1969 346 1999 q.
366 1968 393 1991 5
418 1952 547 1990 malus
571 1960 664 1990 euim
683 1962 808 1990 auctor
826 1958 1041 1990 Latinitatis
1067 1963 1140 1997 est,
1167 1957 1230 1989 sed
1248 1957 1476 1997 Terentium,
1505 1958 1607 1990 cuius
1631 1958 1793 1991 fabellae

266 2007 416 2044 propter
440 2003 660 2043 elegantiam
686 2003 863 2035 seimonis
887 2003 1113 2044 putabantul
1139 2013 1159 2033 a
1186 2002 1224 2034 C.
1245 2002 1372 2033 Laelio
1397 2002 1526 2034 scribi.
1551 2003 1630 2034 heri
1656 2003 1796 2045 aliquot

267 2047 535 2080 adulescentuli
560 2049 697 2079 coimus
720 2048 757 2078 in
779 2047 962 2080 Piraeum
969 2051 979 2066 ’
1019 2047 1075 2079 Cf.
1094 2047 1213 2081 Aethr.
1233 2047 1250 2078 I
1340 2048 1407 2079 XV
1425 2046 1551 2079 Cicero
1569 2048 1676 2080 Tusc.
1703 2048 1793 2090 disp.

266 2093 316 2124 IV
334 2094 387 2130 32,
405 2094 447 2125 68
462 2086 573 2124 totus
592 2102 675 2124 uero
693 2093 763 2124 iste
782 2093 843 2133 qui
860 2093 968 2134 uolgo
987 2092 1192 2134 appellatur
1210 2102 1331 2124 amor.
1401 2095 1427 2123 t·
1420 2097 1528 2124 tntae
1546 2092 1707 2125 leuitatis
1726 2097 1793 2133 est,

239 2142 241 2144 '
267 2141 305 2168 ut
330 2137 421 2169 nihil
448 2137 589 2169 uideam
616 2137 709 2179 quod
735 2142 859 2179 putem
886 2137 1156 2172 eonferendum
1205 2147 1308 2179 quem
1327 2136 1512 2170 Caecilius
1537 2132 1650 2170 deum'
1671 2149 1700 2170 e.
1721 2149 1753 2180 q.
1767 2149 1792 2170 5.

267 2183 417 2214 Versum
451 2184 515 2214 259
549 2193 600 2224 sq.
636 2192 838 2224 congruere
871 2193 952 2222 cum
983 2182 1194 2224 Euripideis
1224 2183 1262 2214 in
1295 2181 1443 2215 Stobaei
1475 2182 1718 2224 fl01ileg.63‚
1754 2185 1792 2214 11

381 2300 460 2337 253
491 2306 668 2347 praestat
703 2302 876 2347 fortasse
913 2303 1018 2338 initio
1056 2303 1269 2347 septenarii
1306 2302 1497 2337 collocare
1612 2302 1647 2337 in
1678 2301 1794 2337 Attica

267 2360 407 2403 scripsi
444 2358 477 2392 in
509 2359 621 2393 natica
655 2359 736 2394 cod.
766 2358 802 2392 in
841 2359 961 2393 riatiea
994 2358 1050 2393 ed.
1083 2369 1148 2403 pr.
1181 2357 1347 2393 uiaticum
1379 2357 1541 2393 Botlzz'us
1713 2357 1792 2393 255

268 2415 335 2448 nisi
368 2414 495 2448 mirum
527 2411 599 2463 est]
634 2413 686 2460 cf,
719 2414 850 2450 Plauti
877 2415 1016 2450 Pseud.
1054 2413 1159 2450 1213
1186 2418 1221 2449 et
1252 2414 1444 2460 symbolae
1474 2424 1580 2448 meae
1611 2415 1662 2449 ad
1687 2418 1790 2464 pqrt.

267 2470 350 2505 Lat.
386 2482 427 2516 p.
463 2469 512 2505 17
552 2469 791 2517 deintegrabit
830 2472 913 2506 olim
953 2472 1118 2515 conieci,
1158 2471 1258 2516 quod
1294 2481 1370 2506 non
1407 2471 1679 2505 necessarium.

268 2525 347 2562 256
387 2537 528 2560 cursum
578 2526 766 2572 Wolfenb.
918 2525 1098 2573 prolatum
1146 2526 1329 2572 PVolfeizb.
1481 2524 1570 2573 pede
1607 2535 1660 2561 sc.
1701 2521 1789 2574 aeli]

266 2577 405 2628 podest!
443 2579 575 2628 (erasa
617 2580 647 2628 s)
689 2582 840 2618 Monac.
880 2583 988 2630 pedes
1030 2582 1226 2629 Sanyerm.
1271 2581 1350 2618 805
1391 2586 1425 2617 et
1465 2592 1541 2617 scr.
1580 2592 1596 2615 s
1634 2583 1669 2616 in
1711 2593 1790 2617 ras.

269 2637 468 2685 Sanqcrm.
493 2637 572 2674 806
682 2637 759 2674 ‘257
792 2638 1008 2685 scaphonem
1032 2638 1250 2674 Emeranus
1270 2637 1428 2672 saronem
1450 2637 1604 2673 Monac.
1627 2637 1792 2684 Sanyer-

268 2706 394 2729 mamz.
428 2694 592 2730 fabonem
634 2694 821 2740 Wolfenb.
852 2694 1048 2741 saphonem
1089 2696 1156 2730 cclii
1191 2693 1292 2729 sason
1329 2695 1442 2740 qloss.
1475 2692 1593 2728 Rern.
1711 2692 1791 2729 258

267 2760 339 2784 non
371 2761 493 2795 mane,
531 2751 602 2786 del.
645 2761 737 2790 non,
778 2750 878 2786 Med.
918 2761 1023 2785 manu
1054 2751 1212 2786 Boetius
1250 2751 1378 2785 nescio
1413 2761 1464 2784 an
1494 2749 1646 2784 librarii
1675 2750 1791 2794 culpa

267 2805 449 2840 Piraeeum
492 2807 586 2842 idem
703 2805 782 2842 259
814 2817 882 2853 ego
924 2817 1008 2842 uero
1048 2808 1212 2842 Amorem
1251 2806 1443 2851 suppleuit
1486 2804 1679 2840 Bentleius

269 2859 350 2897 260
379 2859 517 2910 rerum]
551 2873 721 2898 uenerum
754 2864 915 2898 coniecit
945 2862 1185 2907 Meinelcius,
1272 2861 1462 2896 existumet
1502 2860 1567 2906 (ex
1599 2859 1792 2897 Ciceronis
