2023 3287
297 203 430 238 LXXX
879 200 1228 236 COROLLARIVM

296 311 584 352 rumationem
627 310 802 350 innuere
841 309 1019 350 videtur.
1081 308 1211 350 Plura
1250 309 1361 362 apud
1395 308 1582 350 Novium
1625 312 1723 350 sunt
1754 324 1816 350 re—

296 383 431 436 liqua:
475 381 512 422 6.
554 381 589 421 7.
621 380 690 420 23.
723 379 790 420 95.
829 380 895 420 97.
932 379 1193 433 115-117,
1236 382 1279 419 et
1322 379 1461 419 latent
1502 378 1686 420 fortasse
1731 380 1818 420 alia

296 451 475 493 dicteria
506 451 551 491 in
582 449 790 491 frustulis.

417 523 468 563 18
509 520 617 563 Cum
649 520 784 561 tauris
818 520 1138 562 dimicationem
1172 519 1403 561 Caesarem
1441 520 1628 573 primum
1665 520 1711 561 in
1741 521 1815 562 tri·

297 593 466 648 umphis
501 607 611 633 anno
634 592 714 632 707
748 591 977 631 celebratis
1011 591 1192 631 edidisse
1225 591 1365 631 minus
1398 594 1595 631 accurate
1627 594 1816 644 narrant,

296 679 392 705 cum
424 663 588 704 Plinius
620 677 659 702 11.
681 661 720 702 h.
747 661 846 701 VIII
878 661 947 714 45,
972 661 1052 702 182
1085 661 1167 702 hoc
1198 663 1366 701 tantum
1400 663 1593 714 testetur,
1626 661 1679 702 ab
1701 662 1814 715 equi-

294 735 412 775 tibus
442 735 693 774 necatorum
725 733 948 773 taurorum
981 731 1272 785 spectaculum
1305 731 1492 784 primum
1525 731 1691 772 dedisse
1712 730 1815 772 Cae-

297 819 453 858 sarem,
498 804 569 858 qui
607 803 652 843 in
690 801 969 855 Hispaniensi
1012 802 1056 842 ni
1097 801 1227 842 fallor
1269 801 1489 855 triumpho
1521 801 1816 855 Hispanorum

294 875 541 916 institutum
572 873 796 914 transtulit
826 872 871 912 in
905 886 1079 912 arenam
1110 872 1363 913 Romanam.
1402 871 1518 920 Quae
1540 874 1683 912 autem
1704 873 1816 926 apud

293 945 581 998 Pomponium
618 943 808 996 loquitur
845 942 1097 982 muliercula
1134 942 1314 994 Eppiae‚
1346 956 1474 995 quam
1504 941 1721 982 Iuvenalis
1753 942 1815 983 VI

296 1017 348 1057 81
390 1014 490 1069 (161
526 1013 593 1069 R.)
627 1029 715 1067 sqq.
753 1013 933 1065 notavit,
966 1012 1119 1052 similis
1153 1011 1415 1065 gladiatores
1448 1026 1543 1052 cum
1574 1012 1620 1053 in
1651 1012 1816 1053 deliciis

294 1087 484 1139 haberet,
515 1085 561 1125 in
591 1085 687 1138 ipso
720 1083 965 1136 spectaculo
1000 1096 1144 1123 amore
1175 1096 1424 1135 percussam
1457 1096 1500 1121 se
1533 1096 1624 1122 esse
1655 1085 1815 1124 narrat.

412 1157 469 1198 22
505 1154 654 1208 rogas?
686 1152 1073 1207 interrogationem
1106 1155 1148 1193 et
1184 1166 1466 1206 personarum
1498 1152 1612 1193 vices
1645 1153 1815 1194 easdem

295 1228 402 1270 conl.
423 1226 611 1267 Andriae
632 1240 669 1266 v.
691 1224 774 1265 909
810 1223 941 1264 etiam
974 1222 1185 1277 Georgius
1218 1222 1375 1263 Kaibel
1406 1222 1452 1263 in
1482 1222 1596 1263 thesi
1626 1222 1670 1264 Π
1702 1238 1814 1265 com—

295 1297 515 1340 mendavit
553 1311 718 1349 earum,
750 1309 855 1349 quas
895 1308 1005 1335 anno
1046 1294 1156 1334 1871
1203 1293 1248 1334 111
1290 1293 1569 1334 universitate
1606 1292 1816 1335 Rhenana

294 1369 465 1423 publice
498 1366 697 1408 defendit.
737 1363 800 1406 Cf.
826 1367 1051 1418 praeterea
1084 1364 1279 1417 exempla
1312 1362 1564 1404 aLorenzio
1596 1363 1642 1404 in
1661 1363 1814 1405 Philol.

294 1439 416 1481 XXX
446 1454 486 1493 p.
507 1438 589 1478 607
625 1437 815 1478 collecta.

413 1510 465 1550 27
502 1508 655 1549 Verius
689 1522 781 1548 esse
805 1506 1037 1559 publicitus,
1070 1505 1144 1546 ubi
1175 1504 1348 1558 publico
1382 1506 1557 1558 sumptu
1588 1504 1681 1545 fieri
1713 1505 1815 1559 quid

294 1580 470 1633 dicitur,
521 1593 650 1632 quam
695 1575 971 1631 tpubliciter’
1016 1578 1188 1629 praeter
1238 1575 1385 1615 adlata
1429 1575 1483 1616 ab
1532 1575 1628 1629 ipso
1670 1575 1814 1618 Nonio

293 1650 489 1704 exempla
519 1648 677 1690 Lucilii
709 1647 823 1688 ‘huic
855 1646 1020 1688 homini
1051 1647 1277 1699 quaestore
1311 1645 1456 1700 aliquo
1490 1660 1581 1686 esse
1613 1660 1720 1700 opus
1753 1648 1814 1687 at-

294 1737 373 1777 que
406 1721 608 1775 chorago,
639 1718 868 1759 Publicc'tus
899 1717 971 1771 qui
1004 1717 1063 1757 mi
1097 1719 1223 1770 atque
1250 1730 1271 1756 0
1294 1716 1398 1758 fisco
1421 1716 1619 1769 praebeat
1648 1716 1814 1757 aurum'

294 1796 337 1834 et
362 1792 506 1833 Plauti
531 1789 748 1843 Amphitr.
772 1789 855 1829 162
889 1787 1119 1841 ‘fflaeblicuus
1151 1800 1231 1840 ego
1262 1786 1454 1840 hospitio
1486 1786 1682 1840 (τρώμαν)
1716 1787 1826 1843 aliis¹

294 1864 441 1904 etiam*
457 1861 678 1916 probatury
709 1860 827 1900 velut
846 1858 1063 1912 Amphitr.
1087 1857 1196 1898 1027
1233 1855 1303 1898 ‘an
1327 1857 1433 1898 foris
1454 1858 1657 1898 censebas
1688 1858 1814 1899 nobis

285 1934 508 1988 publicitus
531 1929 835 1984 praelubere‘e2J,
867 1932 910 1969 et
939 1929 1090 1970 Titinii
1120 1943 1158 1969 v.
1182 1927 1276 1968 123.
1321 1926 1521 1968 ‘Publica
1553 1942 1655 1968 cura
1687 1930 1814 1981 atque

295 2002 502 2056 consilio’⁷
533 2004 582 2043 ut
610 2002 920 2054 interpretatur
950 1998 1147 2041 Donatus
1181 1997 1233 2038 ad
1265 1997 1357 2038 Ter.
1377 1997 1548 2039 Phorm.
1569 1998 1668 2052 978,
1698 1998 1813 2040 idem

294 2075 512 2130 significat
541 2073 617 2113 illo
649 2072 744 2126 ipso
775 2071 883 2124 1000,
914 2070 960 2111 111
990 2069 1132 2110 Plauti
1165 2067 1322 2109 Bacch.
1352 2068 1438 2109 312
1474 2068 1608 2109 Persa
1640 2068 1738 2122 509,
1768 2069 1815 2110 in

292 2144 529 2187 Lucilianis
563 2142 573 2160 ⁶
582 2141 817 2197 publicitus
855 2141 1003 2183 vendis
1040 2142 1187 2181 tamen
1228 2140 1355 2192 atque
1387 2141 1578 2180 extrema
1608 2138 1814 2194 ligurris',

295 2216 407 2271 apud
440 2214 676 2256 Caecilium
707 2228 744 2253 v.
781 2212 874 2253 185.

410 2285 490 2327 41¹
525 2284 791 2326 Sententiam
822 2282 1139 2336 praemittendo
1167 2280 1376 2322 versiculo
1410 2281 1488 2321 tali
1521 2279 1605 2322 ‘hic
1635 2281 1814 2336 negavit

293 2359 336 2400 se
375 2358 600 2399 ducturum
635 2354 721 2396 nisi
758 2368 855 2395 cum
886 2353 984 2394 dote
1016 2350 1208 2393 mrilieri'
1246 2351 1469 2393 inlustrari
1500 2351 1594 2392 vult
1622 2350 1811 2391 Bueche-

291 2430 424 2470 lerus:
463 2441 542 2482 ego
579 2441 667 2467 non
704 2425 755 2466 de
793 2423 1007 2465 ducendae
1046 2422 1209 2476 uxoris,
1248 2422 1321 2463 sed
1353 2423 1403 2464 de
1435 2421 1650 2476 parandae
1684 2434 1811 2462 cenae

293 2498 615 2541 condicionibus
646 2496 780 2538 verba
810 2494 903 2535 fieri
934 2496 1052 2548 puto.

409 2568 525 2611 Scire
557 2568 688 2610 velim
727 2565 1078 2608 confidentilocus
1110 2564 1210 2618 iste,
1243 2563 1316 2618 qui
1346 2577 1488 2604 meam
1521 2561 1685 2602 scilicet
1715 2575 1810 2602 con-

292 2640 512 2683 fidentiam
544 2639 738 2692 miratur,
770 2636 893 2691 quasi
926 2635 1008 2676 sibi
1041 2635 1121 2676 soli
1149 2649 1318 2676 omnem
1341 2633 1540 2686 vindicet,
1571 2646 1653 2686 quo
1687 2647 1810 2687 argu-

292 2715 436 2753 mento
478 2711 771 2751 demonstrare
811 2707 968 2761 possit,
1008 2706 1237 2760 Pomponii
1275 2704 1415 2759 magis
1456 2702 1677 2756 propriam
1718 2716 1810 2743 esse

293 2781 546 2835 Eryastilum
582 2780 769 2822 formam
807 2793 936 2832 quam
973 2776 1135 2818 Donati
1172 2776 1296 2817 libris
1334 2774 1568 2816 indicatam
1607 2773 1809 2826 Eryastu-

294 2853 389 2894 lum.
425 2850 545 2891 Idem
574 2850 762 2891 uilicarei
791 2848 838 2890 in
867 2848 1025 2892 litteris
1056 2848 1273 2889 macariae
1302 2846 1436 2887 latere
1469 2844 1551 2885 sibi
1582 2843 1809 2899 persuasit.
