2023 3287
233 223 382 259 CXVIII
826 219 891 254 AD
918 216 1159 253 TRAGICOS

234 331 551 382 Σκιπίωνος,
584 328 619 369 si
647 327 699 369 ad
719 341 874 382 poema
894 324 1138 380 Scipionem
1158 327 1271 366 recte
1291 323 1550 377 referuntur,
1582 323 1758 376 propter

233 401 402 443 canendi
439 399 617 440 verbum
655 401 698 439 et
734 397 905 438 Homeri
944 395 1113 437 laudem
1149 410 1236 437 non
1274 395 1457 448 possunt
1495 407 1599 434 sana
1630 393 1757 434 inter-

234 470 476 527 pretatione
508 468 594 510 nisi
626 468 675 509 de
709 468 829 522 epico
863 467 1050 509 carmine
1083 465 1289 520 intellegi.

353 540 415 582 At
454 540 568 582 enim
605 539 837 594 quadratus
876 552 1023 579 versus
1063 536 1277 578 inauditus
1317 536 1361 576 in
1399 535 1475 576 tali
1513 535 1761 588 poematum

236 627 402 669 genere.
447 610 547 666 quid
584 609 786 651 tandem?
830 622 970 650 nonne
1015 608 1082 649 vel
1126 607 1309 648 maxime
1355 605 1573 655 militaris,
1616 606 1664 645 ut
1701 604 1763 645 ita

237 684 392 737 dicam,
440 682 511 723 ille
552 695 754 721 numerus
799 678 920 720 erat?
980 693 1062 732 quo
1105 680 1147 718 et
1186 676 1471 718 Archilochus
1512 676 1557 716 in
1597 675 1763 716 bellicis

238 753 499 796 carminibus
527 750 598 807 (cf.
624 751 674 792 fr.
695 749 893 791 54—56.
925 748 1122 790 58—62.
1145 748 1212 789 66.
1234 748 1287 789 68
1308 745 1375 803 Β.)
1397 749 1439 788 et
1470 746 1515 786 in
1546 745 1763 799 triumpho

238 823 560 879 progredientes
599 821 758 861 milites
790 818 976 860 Romani
1015 819 1067 860 ad
1109 819 1235 860 duces
1270 833 1368 859 suos
1401 817 1468 858 vel
1499 816 1765 858 extollendos

238 894 434 936 laudibus
479 892 547 933 vel
593 890 854 932 cavillandos
900 889 967 930 usi
1006 891 1116 930 sunt.
1186 889 1378 930 scaenico
1419 889 1562 929 autern
1600 889 1766 941 poetae,

240 966 379 1019 qualis
419 963 561 1018 priore
594 961 869 1016 potissimum
903 960 1058 1001 aetatis
1091 961 1286 1013 tempore
1319 959 1401 999 fuit
1432 958 1616 1012 Ennius,
1656 958 1767 1012 quod

241 1035 378 1090 magis
429 1034 551 1088 quasi
603 1033 648 1073 in
690 1033 864 1086 promtu
908 1030 1041 1071 fuisse
1086 1032 1420 1071 consentaneum
1464 1030 1530 1069 est
1573 1031 1769 1082 metrum,

242 1120 371 1160 quam
404 1119 487 1158 quo
520 1103 680 1145 totiens
713 1102 902 1157 agitatos
934 1100 1179 1141 fabularum
1213 1114 1430 1141 sermones
1463 1099 1769 1140 instruxisset?

244 1177 306 1219 Ac
343 1175 614 1217 narrationes
655 1173 745 1214 sive
783 1172 1095 1226 descriptiones
1127 1171 1208 1212 hoc
1241 1170 1516 1225 potissimum
1549 1170 1771 1212 conclusas

244 1246 357 1302 apud
387 1246 577 1288 Ennium
607 1243 742 1285 habes
775 1258 813 1285 v.
845 1243 883 1284 6.
916 1243 970 1283 36
1005 1257 1066 1296 sq.
1102 1241 1355 1283 loo—106.
1400 1240 1655 1282 145—147.
1690 1240 1772 1282 150

245 1317 407 1360 -154.
440 1316 537 1358 268.
570 1315 667 1356 313.
700 1313 798 1355 325.
830 1313 915 1354 369
949 1328 1055 1367 sqq.3
1097 1312 1282 1367 praeivit
1319 1311 1559 1353 narrationi
1591 1311 1772 1352 interro-

245 1389 363 1445 gatio
396 1404 435 1430 v.
467 1388 536 1429 68.
584 1384 702 1439 Ergo
735 1383 880 1425 reduci
913 1398 964 1424 ex
987 1383 1135 1425 Africa
1157 1381 1349 1437 Scipioni
1381 1382 1623 1436 gratulatus
1644 1384 1774 1436 poeta

247 1461 313 1501 est
351 1457 558 1511 carmine,
597 1470 681 1510 quo
719 1457 941 1509 tamquam
980 1454 1218 1496 commilito
1259 1452 1413 1506 aliquis
1457 1467 1524 1493 res
1558 1453 1776 1506 praeclare

247 1530 300 1571 ab
343 1544 392 1570 eo
435 1529 582 1583 gestas
625 1525 864 1568 enarrabat.
904 1539 1005 1566 nam
1044 1525 1242 1565 heroicos
1284 1538 1433 1564 versus
1477 1522 1542 1564 vel
1586 1523 1775 1564 nondum

247 1600 454 1655 attigerat
492 1612 602 1639 anno
643 1596 728 1639 552
766 1596 833 1637 vel
871 1610 1041 1637 servare
1079 1595 1223 1636 divino
1263 1594 1482 1635 annalium
1521 1595 1639 1648 operi
1681 1609 1776 1635 con-

248 1671 461 1712 stituerat.
514 1682 615 1724 ergo
657 1683 681 1709 a
713 1666 927 1709 Saturniis
960 1664 1114 1707 Naevii
1152 1665 1343 1706 numeris
1383 1665 1505 1718 quasi
1546 1666 1778 1706 transitum

250 1743 302 1783 ad
345 1742 499 1796 longos
544 1753 693 1781 versus
733 1738 817 1779 sibi
854 1737 1041 1778 munivit
1077 1737 1272 1777 breviore
1312 1736 1518 1790 opusculo
1558 1735 1777 1789 quadratis

251 1813 507 1867 composito.
571 1809 725 1852 Cetera
758 1810 902 1850 autem
935 1822 1040 1862 quae
1067 1808 1113 1849 de
1132 1808 1319 1861 Smplone
1339 1807 1563 1860 dactylicis
1584 1807 1779 1848 versibus

255 1883 460 1926 cecinisse
492 1880 678 1923 traditur
711 1878 839 1935 (falso
873 1880 985 1920 inter
1007 1881 1174 1920 saturas
1197 1894 1219 1918 a
1240 1877 1437 1919 Vahleno
1458 1892 1497 1930 p.
1522 1877 1601 1918 157
1624 1875 1779 1932 relata)

254 1954 473 1996 annalium
501 1951 716 1993 reddenda
736 1952 836 1992 sunt
854 1950 966 1991 libro
986 1964 1100 1991 nono
1122 1948 1193 2005 (cf.
1213 1964 1322 1990 mus.
1341 1947 1476 1988 Rhen.
1495 1946 1535 1987 X
1555 1948 1640 1989 285
1662 1946 1783 2003 sqq).

369 2023 488 2065 Haec
521 2023 667 2064 omnia
687 2022 754 2062 cui
775 2021 916 2062 sobrie
938 2035 985 2062 ac
1006 2020 1290 2075 probabiliter
1311 2018 1531 2072 disputata
1552 2032 1644 2059 esse
1665 2018 1779 2060 vide-

256 2096 435 2148 buntur,
466 2092 667 2134 Rhabani
686 2091 846 2146 Mauri,
880 2092 915 2132 si
943 2092 1006 2133 dis
1028 2092 1186 2146 placet,
1218 2090 1469 2131 testimonio
1489 2103 1576 2130 non
1597 2089 1782 2143 amplius

258 2165 379 2207 abuti
411 2164 597 2206 audebit.
644 2164 716 2217 qui
749 2163 923 2203 omm‘no
956 2163 1007 2204 de
1026 2162 1168 2203 Ennio
1200 2175 1253 2201 ne
1286 2161 1370 2215 γρῦ
1402 2160 1572 2214 quidem
1597 2162 1784 2201 testatus

257 2238 335 2278 est.
378 2234 491 2289 quod
529 2236 672 2275 autem
711 2233 905 2274 additum
937 2234 981 2274 in
1013 2231 1322 2274 commentario
1356 2231 1445 2271 eius
1479 2245 1530 2271 ex
1561 2229 1784 2272 Diomedis

259 2309 351 2348 arte
411 2306 626 2358 exscripto
683 2306 979 2358 praetextatae
1037 2303 1284 2344 nominibus
1342 2302 1501 2356 legitur
1546 2301 1785 2356 Africanus,

258 2391 384 2432 posse
425 2375 597 2430 quidem
636 2375 864 2429 aliquando
902 2375 984 2416 hoc
1017 2389 1183 2428 quoque
1214 2373 1342 2414 titulo
1375 2373 1692 2426 praetextatam
1722 2371 1783 2412 fa-

259 2448 406 2489 bulam
440 2461 464 2487 a
495 2449 624 2500 poeta
656 2447 798 2500 aliquo
831 2446 1037 2499 scriptam
1069 2445 1202 2486 fuisse
1235 2444 1329 2497 quis
1361 2441 1517 2498 neget?
1559 2441 1633 2483 sed
1663 2444 1785 2483 tanta

259 2518 437 2560 licentia
469 2518 514 2558 in
546 2518 757 2571 excerptis
790 2517 887 2558 istis
919 2516 1076 2557 veteris
1104 2514 1377 2570 grammatici
1403 2528 1499 2555 cum
1519 2512 1622 2554 ordo
1642 2527 1785 2554 rerum

262 2589 464 2632 confusus
496 2590 589 2629 tum
622 2588 792 2643 singula
823 2587 955 2629 verba
986 2586 1187 2627 mutilata
1206 2586 1374 2625 mutata
1393 2583 1655 2638 interpolata
1675 2586 1786 2638 sunt,

262 2663 310 2701 ut
357 2674 411 2701 ne
458 2659 574 2700 istud
619 2658 789 2713 quidem
833 2656 1171 2698 additamentum
1218 2656 1448 2710 quidquam
1490 2655 1590 2696 fidei
1632 2655 1787 2697 mereri

264 2731 470 2771 videatur.
513 2730 599 2771 nisi
636 2729 766 2783 forte,
803 2731 851 2769 ut
888 2742 972 2769 11110
1012 2726 1205 2781 exemplo
1245 2726 1470 2780 defungar,
1507 2725 1582 2766 illa
1620 2740 1787 2779 quoque

267 2801 317 2841 de
355 2800 564 2855 dramate,
603 2813 710 2854 quae
741 2798 965 2841 Diomedis
1004 2798 1165 2852 verbis⁷
1203 2797 1347 2851 qualia
1384 2794 1497 2849 apud
1527 2794 1717 2836 Keilium
1747 2810 1788 2849 p.

268 2871 370 2924 491,
408 2871 460 2912 14
493 2870 546 2911 ad
578 2870 771 2912 codicum
802 2869 929 2911 fidem
962 2883 1166 2923 expressa
1198 2868 1316 2921 sunt,
1354 2866 1499 2907 addita
1532 2865 1644 2919 apud
1675 2864 1788 2906 Rha-
