2023 3287
767 282 807 312 L.
834 281 1073 313 AFRANIVS
1603 280 1683 320 221

281 462 448 503 Nonius
487 478 526 516 p.
571 462 674 515 557,
718 462 769 502 14
815 461 859 501 in
904 465 1090 505 extremo
1134 463 1262 516 libro,
1307 463 1351 503 in
1396 463 1546 517 capitis
1584 462 1686 503 XIX

165 540 230 580 ‘de
275 539 608 593 propinquitate'
654 538 767 578 exitu
819 541 917 591 post
967 540 1175 593 explicata
1226 540 1433 580 uocabula
1478 542 1684 580 ‘caesares

163 616 366 670 agrippae
398 616 597 669 Uopiscus
631 616 722 669 glos
756 615 861 655 leuir
894 616 1067 656 fratriae
1101 617 1266 657 amitini
1300 617 1503 670 patruelis
1536 631 1684 657 conso-

162 693 288 733 brini’
322 692 426 733 haec
459 692 592 733 addit:
627 692 691 732 ‘de
724 692 877 746 quibus
911 693 1103 747 exempla
1124 694 1258 734 multa
1291 695 1390 734 sunt
1420 693 1465 733 in
1498 693 1684 746 antiquis

162 770 406 811 auctoribus
427 771 469 810 et
488 769 668 809 maxime
689 769 733 809 in
754 768 934 810 Afranio
956 772 998 810 et
1029 770 1132 810 iuris
1171 770 1473 811 uetustissimis
1507 770 1683 824 scripto·
1739 792 1742 794 v

160 846 305 887 ribus?
369 845 431 888 Of.
464 845 633 886 Afranii
666 844 939 897 Consobrini,
971 845 1182 901 Fratriae,
1222 846 1494 901 Materterae,
1527 845 1684 900 Mariti,

165 923 411 977 Priuignus,
445 921 636 976 Sorores,
668 921 892 976 Vopiscus,

833 999 1003 1042 XXVII

278 1076 438 1118 Marius
477 1076 724 1118 Victorinus
763 1092 802 1131 p.
841 1077 957 1118 2524
988 1077 1033 1118 P.
1075 1075 1180 1132 (105
1214 1076 1282 1133 G.)
1323 1077 1451 1132 equod
1489 1092 1590 1119 uero
1631 1078 1683 1119 ad

160 1154 439 1207 clausulas,
471 1153 514 1194 id
546 1156 609 1194 est
642 1154 880 1195 minuscula
901 1155 1011 1208 cola,
1043 1155 1245 1209 pertinet,
1278 1157 1382 1208 quot
1414 1168 1571 1209 genera
1590 1170 1681 1196 uer-

160 1246 282 1271 suum
303 1233 419 1284 sunt,
450 1230 627 1271 totidem
649 1246 793 1272 eorum
814 1232 1004 1272 membra
1035 1247 1111 1286 pro
1134 1232 1334 1272 clausulis
1366 1232 1469 1285 poni
1488 1235 1682 1286 possunt,

161 1310 203 1348 et
246 1308 385 1348 solent
427 1307 472 1348 in
516 1308 735 1348 canticis
774 1308 910 1362 magis
950 1323 1078 1362 quam
1116 1308 1336 1361 dfflerbiis,
1376 1324 1482 1362 quae
1522 1324 1571 1350 ox
1609 1310 1682 1350 tri-

159 1386 294 1425 metro
327 1384 463 1437 magis
497 1385 751 1438 subsistunt,
785 1386 983 1426 collocari
1015 1388 1057 1426 et
1088 1385 1313 1439 praecipue
1346 1386 1458 1439 apud
1484 1386 1682 1426 Plautiuu

159 1464 201 1501 et
219 1460 431 1502 Naeuium
464 1465 505 1502 et
525 1461 763 1524 Afranium.
825 1477 924 1503 nam
957 1462 1001 1503 hi
1034 1463 1213 1503 maxime
1241 1477 1289 1503 ex
1324 1463 1521 1503 omnibus
1555 1478 1682 1503 mem-

158 1538 245 1579 bris
278 1553 496 1593 uersuum,
529 1539 630 1580 colis
664 1540 717 1580 ab
737 1539 815 1587 liis
849 1540 1074 1593 separatis,
1113 1540 1288 1580 licenter
1317 1540 1381 1580 usi
1414 1540 1683 1594 reperiuntur

160 1615 204 1655 111
237 1616 465 1657 clausulis?

484 1692 724 1734 INs¹ERTI
756 1692 1002 1734 NOMINIS
1036 1693 1355 1743 RELIQVIAE

911 1769 931 1810 I

278 1840 437 1882 Seneca
469 1841 590 1895 epist.
623 1842 690 1895 89,
726 1842 746 1882 7
783 1842 1011 1895 ‘sapientia
1043 1844 1123 1895 est,
1156 1857 1282 1896 quam
1304 1841 1455 1882 Graeci
1488 1843 1682 1895 σοφίαν

159 1921 326 1959 uocant.
388 1918 467 1959 hoc
507 1918 636 1959 uerbo
676 1918 859 1959 Romani
898 1933 1065 1973 quoque
1104 1919 1351 1973 utebantur⁷
1393 1919 1502 1959 sicut
1546 1919 1680 1973 philo-

160 1995 310 2050 sophia
347 2010 460 2036 nunc
499 2010 665 2050 quoque
704 1998 899 2036 utuntur:
939 1995 1052 2049 quod
1085 1998 1127 2036 et
1164 1998 1336 2050 togatae
1369 1996 1447 2036 tibi
1481 1996 1681 2050 antiquae

159 2073 403 2126 probabunt
441 2075 482 2113 et
518 2073 747 2127 inscriptus
786 2072 1001 2113 Dossenni
1039 2075 1317 2114 monumento
1362 2073 1541 2114 titulus.9
1619 2072 1683 2114 Cf.

159 2148 364 2190 Afranius
397 2149 495 2190 299.
896 2208 940 2250 Π

278 2284 450 2326 Seruius
488 2285 533 2325 in
571 2283 700 2340 Verg.
739 2284 844 2326 Aen.
883 2285 946 2327 XI
987 2286 1070 2327 160
1110 2289 1290 2328 ‘ueteres
1336 2287 1450 2328 enim
1493 2286 1681 2328 uiuendo

160 2362 328 2402 uincere
373 2361 572 2402 dicebant
616 2363 936 2416 superuiuere„
969 2397 976 2404 .
1011 2397 1019 2404 .
1056 2378 1157 2404 nam
1201 2367 1242 2404 et
1286 2364 1331 2405 111
1373 2364 1532 2419 togatis
1578 2364 1680 2405 nic—

158 2439 314 2480 trices
348 2439 636 2493 appellantur,
669 2439 775 2493 quae
807 2439 922 2481 uiros
956 2441 1225 2481 extulerunt?

275 2592 471 2635 Donatus
509 2593 555 2634 111
587 2592 679 2634 Ter.
717 2607 810 2634 eun.
849 2593 869 2633 I
911 2594 952 2647 1,
994 2595 1045 2634 12
1086 2597 1349 2635 ‘concessum
1387 2597 1451 2635 est
1496 2595 1540 2635 in
1589 2595 1678 2649 pal-

158 2670 260 2712 liata
291 2671 428 2724 poetis
461 2671 631 2712 comicis
664 2684 809 2711 seruos
843 2670 1026 2711 dominis
1049 2671 1327 2725 sapientiores
1361 2671 1533 2726 fingere,
1566 2672 1679 2725 quod

158 2747 269 2788 idem
300 2748 345 2788 in
376 2750 525 2802 togata
557 2761 645 2788 non
676 2746 764 2787 fere
796 2747 920 2788 licet.'

159 2876 229 2896 non
259 2861 468 2906 pertinent.'
606 2864 745 2898 XXVII
778 2865 1011 2898 Scribendum
1048 2865 1206 2898 fortasse
1240 2876 1349 2908 quae
1385 2877 1434 2898 ex
1475 2865 1677 2899 trimetro

160 2910 415 2942 subsistunt
448 2910 567 2942 deleto
593 2912 745 2952 magis,
794 2912 965 2943 Ceterum
996 2911 1042 2944 cf.
1069 2921 1159 2945 mus,
1184 2911 1300 2943 Rhen.
1328 2911 1465 2945 XXVII
1493 2913 1553 2944 191

160 2957 357 2987 Praeterea
382 2955 506 2987 uelut
531 2955 589 2988 uel
617 2956 695 2988 hoc
723 2959 787 2988 est
814 2960 898 2988 ante
925 2956 1036 2989 colis
1063 2956 1182 2988 deleto
1218 2967 1267 2988 ex
1293 2957 1405 2988 inseri
1430 2956 1507 2989 uult
1534 2957 1677 2990 Koilius
