2023 3287
627 215 870 248 APPENDIX
898 214 1274 248 SENTENTIARVM
1628 214 1709 255 381

315 318 505 373 Agnosci
538 333 581 359 se
613 321 729 359 amat
761 319 832 372 qui
865 319 955 360 6dit
986 332 1076 359 sese
1109 318 1341 359 ostendere.

200 395 281 435 185
313 393 489 449 Insigne
522 409 617 449 spes
648 395 807 435 laboris
840 398 903 435 est
935 395 1149 436 solacium.
1642 408 1707 439 587

311 469 496 512 Felicem
529 473 569 512 te
603 470 828 522 submitte,
860 471 1073 512 infelicem
1105 471 1230 525 erige.
1643 484 1709 514 755

312 545 510 588 Felicitas
542 547 701 588 infelici
733 548 979 588 innocentia
1011 550 1086 588 est.
1644 561 1708 591 155

312 623 489 676 Aece'pti
522 638 774 678 numquam,
807 623 891 665 esto
925 624 1013 665 dati
1045 622 1308 665 obliuiscere.
1665 638 1709 667 48

310 698 485 741 Amicos
518 700 688 741 uincere
720 698 950 741 inhonesta
981 703 1046 741 est
1077 700 1267 741 uictoria.

196 776 278 815 190
310 775 498 816 Poenam
531 777 735 817 meruisse
769 776 872 817 satis
905 779 969 817 est
1000 779 1235 830 poenarum
1267 776 1413 830 probo.

309 849 441 906 ‘Eripi
475 853 574 894 data
605 852 697 894 usta
729 853 841 908 potis
874 856 956 907 est,
987 853 1105 893 reddi
1137 855 1282 907 erepta
1314 855 1401 893 11611
1434 853 1557 906 potis.

309 927 361 969 Se
394 927 564 970 uincere
597 929 736 983 ipsum
768 930 896 984 longe
930 932 994 970 est
1026 928 1337 970 difficillimum.

308 1004 472 1046 Inscust
504 1006 589 1046 suis
622 1006 693 1060 qui
726 1004 818 1046 sine
852 1006 996 1048 dolore
1028 1006 1236 1047 irascitur.

310 1081 467 1122 Amare
500 1081 679 1135 incipias
713 1080 774 1122 sic
807 1083 929 1136 quasi
961 1097 1195 1136 numquam
1227 1082 1406 1124 desinas.

197 1157 274 1197 195
309 1157 529 1199 Nobilitas
562 1172 663 1199 uera
696 1160 761 1198 est
792 1157 938 1213 ingeni
971 1159 1248 1213 gener6sitas.

304 1233 463 1275 'Otium
495 1234 539 1274 in
573 1235 744 1275 senecta
775 1234 1065 1289 honestumst,
1096 1235 1185 1275 11611
1218 1235 1376 1276 laboris
1409 1233 1592 1276 initium.

280 1365 342 1395 186
374 1363 568 1395 Cleobulus
608 1363 702 1415 apud
735 1363 930 1395 Stobaeum
963 1363 1137 1404 lflorileg.
1171 1366 1208 1403 3,
1243 1366 1284 1396 79
1318 1375 1360 1395 a:
1388 1357 1624 1406 ευποροῦντα
1655 1360 1704 1407 μή

187 1403 438 1450 υπερήφανον
471 1405 584 1449 εἶναι,
612 1403 830 1448 ἀποροῦντα
854 1403 904 1450 μὴ
932 1388 1224 1441 zanavoffwm.
1320 1410 1382 1441 188
1409 1410 1464 1441 Cf.
1494 1410 1636 1442 Seneca
1663 1411 1706 1442 de

187 1454 309 1488 benef
328 1455 471 1492 1111,2
497 1454 677 1485 Ausonius
702 1458 792 1494 sept.
817 1464 895 1495 sap.
922 1458 952 1493 6,
979 1456 1001 1485 4
1025 1464 1075 1495 sq
1101 1457 1154 1485 ‘tu
1178 1455 1270 1486 bene
1297 1455 1327 1485 si
1359 1455 1445 1496 quid
1472 1455 1609 1494 facias,
1637 1466 1707 1487 non

187 1500 393 1530 meminisse
421 1499 478 1530 fas
505 1502 571 1530 est.
609 1500 711 1547 Quie
737 1498 828 1530 bene
855 1499 956 1530 iacta
982 1499 1157 1540 accipias,
1187 1502 1363 1553 perpetuo
1390 1501 1706 1532 1000100102Μο-

188 1544 320 1575 nanrhi
347 1547 500 1575 monost.
526 1545 590 1575 749
615 1555 725 1586 χαριν
752 1538 877 1586 λαβὼν
901 1541 1068 1586 μέμνησο
1093 1542 1157 1576 καὶ
1184 1540 1275 1582 δούς
1301 1539 1504 1579 ἐπιλάθου.

302 1685 378 1721 184
421 1696 577 1733 agnosce
617 1691 708 1720 amat
746 1686 841 1732 quod
894 1697 963 1721 non
1011 1686 1087 1721 uult
1131 1686 1321 1722 ostendere
1360 1699 1384 1721 α
1423 1686 1495 1732 54,
1536 1700 1582 1724 m.
1631 1699 1706 1724 sec.

186 1743 316 1778 uclscr.
348 1745 385 1777 iu
417 1754 460 1789 y,
493 1743 625 1778 (lesum
656 1744 691 1777 iu
724 1742 816 1777 Pur.
851 1743 880 1777 S
908 1743 1054 1790 agnosci
1085 1749 1176 1778 amat
1213 1744 1271 1790 qni
1304 1743 1379 1778 odit
1410 1743 1570 1778 ostendit
1599 1746 1704 1780 codd.

186 1808 286 1833 rece.
405 1797 482 1833 185
515 1804 549 1833 et
580 1809 660 1844 spes
684 1799 827 1844 praemii
857 1798 1027 1833 solacium
1061 1797 1099 1833 fit
1131 1798 1260 1834 laberis
1284 1799 1325 1834 M
1345 1799 1410 1842 56,
1433 1798 1458 1847 β
1491 1800 1704 1847 Gryplee'sm.

185 1854 236 1899 (in
268 1855 339 1890 leoc
370 1860 424 1889 est
463 1856 621 1901 legitur.-
661 1855 733 1900 ipsa
770 1860 855 1899 post
892 1865 974 1901 spes
1007 1855 1094 1890 mld.
1127 1856 1162 1902 a)
1195 1866 1277 1902 spes
1309 1857 1453 1902 praemii
1490 1856 1620 1891 laboris
1652 1862 1707 1891 est

185 1910 351 1945 solatium
373 1911 553 1946 Pithoeus
637 1909 712 1945 186
747 1910 988 1946 infelicitatem
1011 1912 1131 1958 erige,
1165 1911 1367 1946 felicitatem
1391 1911 1558 1947 submitte
1590 1912 1631 1948 M
1652 1912 1703 1948 62

184 1967 218 2000 in
250 1966 415 2001 felicitate
446 1967 585 2013 erigere
616 1965 784 2001 submitte
816 1966 1019 2002 felicitatem
1051 1965 1077 2014 β
1112 1967 1299 2002 submittet
1329 1978 1367 2002 se
1399 1979 1488 2014 quae
1520 1979 1557 2003 se
1589 1969 1705 2015 eriget

185 2022 335 2057 felicitas
371 2023 527 2058 Bollzius
646 2021 721 2057 187
754 2024 808 2058 sie
838 2023 880 2057 M
909 2022 960 2059 63
992 2022 1080 2068 (uisi
1108 2024 1209 2070 quod
1243 2023 1392 2059 infelicis
1423 2025 1624 2059 innocentia
1656 2037 1705 2072 αγ

185 2077 333 2113 felicitas
365 2079 586 2114 innocentiae
618 2079 710 2113 Pur.
745 2078 804 2125 S).-
834 2081 918 2114 item
950 2090 970 2115 e
1002 2081 1079 2114 cod.
1116 2080 1240 2115 Palut.
1276 2079 1464 2115 Gruterus
1495 2082 1618 2116 edidit.
1652 2082 1703 2116 in-

184 2133 276 2168 felici
319 2135 518 2170 innocentia
557 2141 611 2170 est
642 2134 791 2169 felicitas
824 2135 985 2171 Bollzz'us
1131 2136 1207 2172 188
1239 2138 1295 2171 sic
1330 2135 1504 2172 Orellius.
1544 2136 1703 2172 beneficii

185 2191 317 2236 accepti
341 2201 529 2237 numquam
555 2196 699 2237 oportet
722 2190 904 2236 obliuisci,
936 2191 1005 2226 dati
1036 2193 1202 2238 protinus
1233 2192 1274 2227 M
1300 2192 1350 2228 67
1383 2198 1565 2239 acceptum
1597 2192 1704 2228 110110-

187 2244 301 2280 ficium
333 2252 496 2282 aeternae
526 2247 717 2282 memoriae
746 2245 965 2294 infigendum
995 2260 1021 2293 p
1053 2247 1103 2283 32
1135 2259 1155 2282 e
1191 2249 1266 2285 106
1299 2248 1458 2284 beneficii
1498 2260 1701 2296 numquam,

183 2303 254 2337 cito
286 2302 357 2337 dati
379 2301 588 2338 obliuiscere
611 2303 798 2338 Gruterus
917 2303 992 2339 189
1024 2304 1211 2339 inhonesta
1241 2305 1433 2350 (inhonesti
1456 2304 1519 2352 αγ)
1553 2306 1701 2340 uictoria

184 2363 237 2392 est
273 2369 358 2393 31103
391 2359 532 2394 uincere
554 2358 595 2393 M
615 2359 665 2395 68
698 2359 885 2394 inhonesta
916 2370 972 2394 res
1005 2364 1060 2395 est
1090 2371 1175 2395 suos
1208 2361 1350 2396 uincere
1373 2359 1398 2408 β
1517 2361 1596 2397 190
1617 2362 1701 2396 satis

184 2419 237 2449 est
268 2425 461 2461 poenarum
484 2415 645 2461 potuisse
666 2415 782 2461 puniri
804 2415 849 2450 M
867 2415 916 2451 69
939 2413 964 2463 β
1082 2416 1155 2452 191
1191 2416 1301 2451 danda
1335 2417 1404 2451 uita
1437 2417 1702 2463 quotienscum-

184 2480 252 2517 que
274 2470 492 2506 dubitaueris
524 2482 566 2506 an
588 2472 634 2506 sit
655 2471 850 2518 cripienda,
881 2471 942 2506 da:
975 2472 1139 2518 quoniam
1171 2471 1251 2507 data
1284 2473 1371 2519 eripi
1405 2478 1545 2519 potest,
1580 2479 1701 2520 erepta

183 2525 282 2561 reddi
311 2537 383 2562 non
415 2531 535 2574 potest
566 2527 606 2563 M
627 2526 708 2563 80‘1
752 2528 816 2563 ubi
852 2527 963 2562 danda
997 2529 1067 2563 uita
1099 2529 1260 2574 scripsi,
1292 2528 1404 2563 datam
1439 2529 1545 2563 uitam
1577 2530 1698 2574 codd„

182 2585 267 2618 item
298 2582 340 2617 da
370 2586 536 2629 inserui,
576 2595 645 2619 om.
679 2585 785 2619 codd.
904 2583 980 2619 192
1013 2590 1066 2618 est
1104 2583 1349 2619 difficillimum
1388 2583 1548 2630 (difficile
1586 2584 1624 2629 α)
1662 2596 1700 2620 30

182 2639 297 2686 ipsum
331 2640 473 2675 uincere
495 2639 539 2674 M
556 2639 606 2675 82
727 2640 803 2676 193
836 2640 955 2686 inique
991 2640 1156 2674 irascitur
1187 2639 1290 2685 (bene
1312 2640 1475 2675 irascitur
1495 2641 1640 2687 iniquus
1661 2639 1700 2686 a)

184 2696 242 2741 qui
273 2696 346 2730 suis
377 2696 542 2731 irascitur
573 2697 648 2731 sine
679 2695 806 2731 dolore
828 2695 870 2731 M
889 2695 941 2732 83
1060 2695 1137 2731 186
1170 2695 1223 2742 cf.
1250 2696 1326 2731 127
1359 2706 1475 2731 amare
1496 2696 1547 2731 sic
1568 2697 1697 2743 incipe,

185 2757 359 2798 tamquam
392 2763 463 2788 non
495 2752 598 2787 liceat
629 2751 689 2787 tibi
722 2752 885 2787 desinere
914 2752 955 2787 M
981 2750 1032 2786 84
1152 2751 1229 2787 195
1262 2750 1426 2787 nobilitas
1458 2752 1560 2787 animi
1593 2763 1701 2799 gene-

183 2807 310 2842 rositas
340 2819 479 2843 sensus.
513 2808 556 2843 M
583 2808 634 2844 86
668 2807 832 2843 nobilitas
870 2808 1020 2843 bominis
1053 2819 1250 2855 generosus
1283 2808 1418 2843 animus
1451 2808 1491 2843 M
1521 2807 1572 2843 87

187 2862 263 2899 196
297 2864 481 2900 honestior
510 2869 565 2899 est
597 2865 656 2912 qui
678 2869 897 2900 senectutem
921 2863 960 2897 ad
993 2864 1103 2899 otium
1136 2863 1257 2899 retulit
1289 2875 1391 2910 qnam
1425 2865 1482 2910 qui
1515 2865 1548 2899 in
1579 2875 1700 2900 senec-
