<?xml version="1.0" encoding="UTF-8"?>
<!DOCTYPE html PUBLIC "-//W3C//DTD XHTML 1.0 Transitional//EN"
    "http://www.w3.org/TR/xhtml1/DTD/xhtml1-transitional.dtd">
<html xmlns="http://www.w3.org/1999/xhtml" xml:lang="en" lang="en">
 <head>
  <title>
</title>
<meta http-equiv="Content-Type" content="text/html;charset=utf-8" />
  <meta name='ocr-system' content='tesseract 3.04.00' />
  <meta name='ocr-capabilities' content='ocr_page ocr_carea ocr_par ocr_line ocrx_word'/>
</head>
<body>
  <div class='ocr_page' id='page_1' title='image "./scaenicaeromano02ribbuoft_0105.png"; bbox 0 0 2023 3287; ppageno 0'>
   <div class='ocr_carea' id='block_1_1' title="bbox 0 0 110 3287">
    <p class='ocr_par' dir='ltr' id='par_1_1' title="bbox 0 0 110 3287">
     <span class='ocr_line' id='line_1_1' title="bbox 0 0 110 3287; baseline 0 0"><span class='ocrx_word' id='word_1_1' title='bbox 0 0 110 3287; x_wconf 95' lang='lat' dir='ltr'> </span> 
     </span>
    </p>
   </div>
   <div class='ocr_carea' id='block_1_2' title="bbox 784 245 1716 287">
    <p class='ocr_par' dir='ltr' id='par_1_2' title="bbox 784 245 1716 287">
     <span class='ocr_line' id='line_1_2' title="bbox 784 245 1716 287; baseline 0.006 -6"><span class='ocrx_word' id='word_1_2' title='bbox 784 245 1131 283; x_wconf 74' lang='lat' dir='ltr'><strong>COROLLAMVM</strong></span> <span class='ocrx_word' id='word_1_3' title='bbox 1670 250 1716 287; x_wconf 89' lang='lat' dir='ltr'>CI</span> 
     </span>
    </p>
   </div>
   <div class='ocr_carea' id='block_1_3' title="bbox 187 353 1715 903">
    <p class='ocr_par' dir='ltr' id='par_1_3' title="bbox 187 353 1715 903">
     <span class='ocr_line' id='line_1_3' title="bbox 308 353 1715 413; baseline 0.005 -18"><span class='ocrx_word' id='word_1_4' title='bbox 308 353 529 396; x_wconf 84' lang='lat' dir='ltr'>Nonnulla</span> <span class='ocrx_word' id='word_1_5' title='bbox 560 367 659 395; x_wconf 85' lang='lat' dir='ltr'>vero</span> <span class='ocrx_word' id='word_1_6' title='bbox 691 356 782 394; x_wconf 82' lang='lat' dir='ltr'>tam</span> <span class='ocrx_word' id='word_1_7' title='bbox 815 368 840 395; x_wconf 80' lang='lat' dir='ltr'>a</span> <span class='ocrx_word' id='word_1_8' title='bbox 869 355 1059 396; x_wconf 76' lang='lat' dir='ltr'>numeris</span> <span class='ocrx_word' id='word_1_9' title='bbox 1080 370 1213 410; x_wconf 88' lang='lat' dir='ltr'>prope</span> <span class='ocrx_word' id='word_1_10' title='bbox 1235 356 1403 411; x_wconf 83' lang='lat' dir='ltr'>absunt,</span> <span class='ocrx_word' id='word_1_11' title='bbox 1434 360 1483 399; x_wconf 92' lang='lat' dir='ltr'>ut</span> <span class='ocrx_word' id='word_1_12' title='bbox 1503 359 1715 413; x_wconf 81' lang='lat' dir='ltr'>suspicari</span> 
     </span>
     <span class='ocr_line' id='line_1_4' title="bbox 191 423 1714 484; baseline 0.005 -19"><span class='ocrx_word' id='word_1_13' title='bbox 191 423 321 466; x_wconf 80' lang='lat' dir='ltr'>liceat</span> <span class='ocrx_word' id='word_1_14' title='bbox 363 424 564 466; x_wconf 86' lang='lat' dir='ltr'>Rufinum</span> <span class='ocrx_word' id='word_1_15' title='bbox 607 423 763 465; x_wconf 83' lang='lat' dir='ltr'>Latino</span> <span class='ocrx_word' id='word_1_16' title='bbox 805 425 989 479; x_wconf 79' lang='lat' dir='ltr'>quodam</span> <span class='ocrx_word' id='word_1_17' title='bbox 1030 441 1155 467; x_wconf 89' lang='lat' dir='ltr'>usum</span> <span class='ocrx_word' id='word_1_18' title='bbox 1197 441 1289 468; x_wconf 86' lang='lat' dir='ltr'>esse</span> <span class='ocrx_word' id='word_1_19' title='bbox 1332 428 1560 484; x_wconf 81' lang='lat' dir='ltr'>florilegio,</span> <span class='ocrx_word' id='word_1_20' title='bbox 1603 430 1714 472; x_wconf 84' lang='lat' dir='ltr'>unde</span> 
     </span>
     <span class='ocr_line' id='line_1_5' title="bbox 191 495 1712 548; baseline 0.003 -12"><span class='ocrx_word' id='word_1_21' title='bbox 191 495 277 536; x_wconf 83' lang='lat' dir='ltr'>leni</span> <span class='ocrx_word' id='word_1_22' title='bbox 310 495 546 536; x_wconf 72' lang='lat' dir='ltr'>mutatione</span> <span class='ocrx_word' id='word_1_23' title='bbox 580 495 632 536; x_wconf 83' lang='lat' dir='ltr'>ad</span> <span class='ocrx_word' id='word_1_24' title='bbox 672 509 848 548; x_wconf 79' lang='lat' dir='ltr'>prosam</span> <span class='ocrx_word' id='word_1_25' title='bbox 881 496 1121 538; x_wconf 77' lang='lat' dir='ltr'>orationem</span> <span class='ocrx_word' id='word_1_26' title='bbox 1154 497 1445 540; x_wconf 79' lang='lat' dir='ltr'>conformatos</span> <span class='ocrx_word' id='word_1_27' title='bbox 1478 500 1712 542; x_wconf 82' lang='lat' dir='ltr'>versiculos</span> 
     </span>
     <span class='ocr_line' id='line_1_6' title="bbox 191 565 1713 625; baseline 0.003 -19"><span class='ocrx_word' id='word_1_28' title='bbox 191 566 506 620; x_wconf 73' lang='lat' dir='ltr'>deprompserit</span> <span class='ocrx_word' id='word_1_29' title='bbox 537 580 641 620; x_wconf 86' lang='lat' dir='ltr'>quos</span> <span class='ocrx_word' id='word_1_30' title='bbox 676 568 749 607; x_wconf 82' lang='lat' dir='ltr'>aut</span> <span class='ocrx_word' id='word_1_31' title='bbox 782 565 998 607; x_wconf 75' lang='lat' dir='ltr'>similibus</span> <span class='ocrx_word' id='word_1_32' title='bbox 1032 566 1150 608; x_wconf 74' lang='lat' dir='ltr'>Sexti</span> <span class='ocrx_word' id='word_1_33' title='bbox 1184 569 1407 609; x_wconf 83' lang='lat' dir='ltr'>sententiis</span> <span class='ocrx_word' id='word_1_34' title='bbox 1442 572 1713 625; x_wconf 87' lang='lat' dir='ltr'>supponeret,</span> 
     </span>
     <span class='ocr_line' id='line_1_7' title="bbox 191 636 1713 692; baseline 0.003 -16"><span class='ocrx_word' id='word_1_35' title='bbox 191 638 275 690; x_wconf 81' lang='lat' dir='ltr'>aut,</span> <span class='ocrx_word' id='word_1_36' title='bbox 295 636 368 677; x_wconf 88' lang='lat' dir='ltr'>ubi</span> <span class='ocrx_word' id='word_1_37' title='bbox 392 636 658 677; x_wconf 79' lang='lat' dir='ltr'>desideratur</span> <span class='ocrx_word' id='word_1_38' title='bbox 679 636 889 677; x_wconf 68' lang='lat' dir='ltr'>Graecum</span> <span class='ocrx_word' id='word_1_39' title='bbox 908 636 976 677; x_wconf 81' lang='lat' dir='ltr'>vel</span> <span class='ocrx_word' id='word_1_40' title='bbox 998 636 1224 691; x_wconf 74' lang='lat' dir='ltr'>Syriacum</span> <span class='ocrx_word' id='word_1_41' title='bbox 1246 639 1474 692; x_wconf 77' lang='lat' dir='ltr'>exemplar,</span> <span class='ocrx_word' id='word_1_42' title='bbox 1505 640 1713 681; x_wconf 84' lang='lat' dir='ltr'>insereret</span> 
     </span>
     <span class='ocr_line' id='line_1_8' title="bbox 191 705 1711 763; baseline 0.001 -14"><span class='ocrx_word' id='word_1_43' title='bbox 191 708 294 749; x_wconf 82' lang='lat' dir='ltr'>adeo</span> <span class='ocrx_word' id='word_1_44' title='bbox 333 722 478 749; x_wconf 60' lang='lat' dir='ltr'>novos</span> <span class='ocrx_word' id='word_1_45' title='bbox 547 705 672 748; x_wconf 83' lang='lat' dir='ltr'>Certe</span> <span class='ocrx_word' id='word_1_46' title='bbox 710 706 948 761; x_wconf 80' lang='lat' dir='ltr'>periculum</span> <span class='ocrx_word' id='word_1_47' title='bbox 984 707 1030 748; x_wconf 89' lang='lat' dir='ltr'>in</span> <span class='ocrx_word' id='word_1_48' title='bbox 1069 722 1245 762; x_wconf 84' lang='lat' dir='ltr'>corpore</span> <span class='ocrx_word' id='word_1_49' title='bbox 1290 709 1366 750; x_wconf 86' lang='lat' dir='ltr'>vili</span> <span class='ocrx_word' id='word_1_50' title='bbox 1397 711 1446 749; x_wconf 86' lang='lat' dir='ltr'>ut</span> <span class='ocrx_word' id='word_1_51' title='bbox 1482 709 1576 763; x_wconf 71' lang='lat' dir='ltr'>fiat,</span> <span class='ocrx_word' id='word_1_52' title='bbox 1614 724 1711 763; x_wconf 88' lang='lat' dir='ltr'>pro-</span> 
     </span>
     <span class='ocr_line' id='line_1_9' title="bbox 188 777 1710 832; baseline 0.001 -12"><span class='ocrx_word' id='word_1_53' title='bbox 188 793 346 832; x_wconf 81' lang='lat' dir='ltr'>ponam</span> <span class='ocrx_word' id='word_1_54' title='bbox 383 792 544 832; x_wconf 79' lang='lat' dir='ltr'>paucos</span> <span class='ocrx_word' id='word_1_55' title='bbox 583 794 679 820; x_wconf 81' lang='lat' dir='ltr'>mea</span> <span class='ocrx_word' id='word_1_56' title='bbox 716 777 961 820; x_wconf 78' lang='lat' dir='ltr'>coniectura</span> <span class='ocrx_word' id='word_1_57' title='bbox 996 780 1168 821; x_wconf 86' lang='lat' dir='ltr'>refictos</span> <span class='ocrx_word' id='word_1_58' title='bbox 1210 779 1368 821; x_wconf 84' lang='lat' dir='ltr'>additis</span> <span class='ocrx_word' id='word_1_59' title='bbox 1411 778 1525 821; x_wconf 82' lang='lat' dir='ltr'>infra</span> <span class='ocrx_word' id='word_1_60' title='bbox 1568 779 1710 822; x_wconf 85' lang='lat' dir='ltr'>verbis</span> 
     </span>
     <span class='ocr_line' id='line_1_10' title="bbox 187 848 860 903; baseline 0.001 -14"><span class='ocrx_word' id='word_1_61' title='bbox 187 849 294 903; x_wconf 87' lang='lat' dir='ltr'>ipsis</span> <span class='ocrx_word' id='word_1_62' title='bbox 327 849 471 903; x_wconf 79' lang='lat' dir='ltr'>qualia</span> <span class='ocrx_word' id='word_1_63' title='bbox 504 851 652 890; x_wconf 78' lang='lat' dir='ltr'>extant</span> <span class='ocrx_word' id='word_1_64' title='bbox 681 848 860 890; x_wconf 82' lang='lat' dir='ltr'>tradita:</span> 
     </span>
    </p>
   </div>
   <div class='ocr_carea' id='block_1_4' title="bbox 185 942 1710 1918">
    <p class='ocr_par' dir='ltr' id='par_1_4' title="bbox 185 942 1710 1001">
     <span class='ocr_line' id='line_1_11' title="bbox 185 942 1710 1001; baseline 0 -15"><span class='ocrx_word' id='word_1_65' title='bbox 185 959 225 986; x_wconf 90' lang='lat' dir='ltr'>n.</span> <span class='ocrx_word' id='word_1_66' title='bbox 261 944 314 986; x_wconf 87' lang='grc'>10</span> <span class='ocrx_word' id='word_1_67' title='bbox 347 943 394 985; x_wconf 78' lang='lat' dir='ltr'>G.</span> <span class='ocrx_word' id='word_1_68' title='bbox 454 943 554 985; x_wconf 91' lang='lat' dir='ltr'>Non</span> <span class='ocrx_word' id='word_1_69' title='bbox 579 942 849 985; x_wconf 73' lang='lat' dir='ltr'>minimumst</span> <span class='ocrx_word' id='word_1_70' title='bbox 874 943 919 985; x_wconf 86' lang='lat' dir='ltr'>in</span> <span class='ocrx_word' id='word_1_71' title='bbox 947 944 1036 986; x_wconf 80' lang='lat' dir='ltr'>vita</span> <span class='ocrx_word' id='word_1_72' title='bbox 1061 944 1228 986; x_wconf 82' lang='lat' dir='ltr'>homini</span> <span class='ocrx_word' id='word_1_73' title='bbox 1254 944 1434 986; x_wconf 81' lang='lat' dir='ltr'>minima</span> <span class='ocrx_word' id='word_1_74' title='bbox 1464 943 1710 1001; x_wconf 54' lang='lat' dir='ltr'>spernereff)</span> 
     </span>
    </p>

    <p class='ocr_par' dir='ltr' id='par_1_5' title="bbox 259 1013 1464 1070">
     <span class='ocr_line' id='line_1_12' title="bbox 259 1013 1464 1070; baseline 0 -14"><span class='ocrx_word' id='word_1_75' title='bbox 259 1015 313 1056; x_wconf 78' lang='lat'>75</span> <span class='ocrx_word' id='word_1_76' title='bbox 347 1014 459 1064; x_wconf 84' lang='lat' dir='ltr'>Quot</span> <span class='ocrx_word' id='word_1_77' title='bbox 490 1014 623 1055; x_wconf 63' lang='lat' dir='ltr'>zinimi</span> <span class='ocrx_word' id='word_1_78' title='bbox 655 1014 775 1068; x_wconf 62' lang='lat' dir='ltr'>vitia,</span> <span class='ocrx_word' id='word_1_79' title='bbox 807 1013 921 1055; x_wconf 75' lang='lat' dir='ltr'>vitae</span> <span class='ocrx_word' id='word_1_80' title='bbox 954 1017 1021 1056; x_wconf 84' lang='lat' dir='ltr'>tot</span> <span class='ocrx_word' id='word_1_81' title='bbox 1053 1016 1248 1057; x_wconf 79' lang='lat' dir='ltr'>dominos</span> <span class='ocrx_word' id='word_1_82' title='bbox 1281 1013 1464 1070; x_wconf 77' lang='lat' dir='ltr'>habes.2)</span> 
     </span>
    </p>

    <p class='ocr_par' dir='ltr' id='par_1_6' title="bbox 257 1084 1512 1141">
     <span class='ocr_line' id='line_1_13' title="bbox 257 1084 1512 1141; baseline -0.001 -14"><span class='ocrx_word' id='word_1_83' title='bbox 257 1086 312 1128; x_wconf 80' lang='lat'>88</span> <span class='ocrx_word' id='word_1_84' title='bbox 344 1085 444 1127; x_wconf 82' lang='lat' dir='ltr'>Non</span> <span class='ocrx_word' id='word_1_85' title='bbox 476 1085 588 1140; x_wconf 77' lang='lat' dir='ltr'>quod</span> <span class='ocrx_word' id='word_1_86' title='bbox 620 1085 726 1126; x_wconf 83' lang='lat' dir='ltr'>velis</span> <span class='ocrx_word' id='word_1_87' title='bbox 761 1085 1010 1139; x_wconf 54' lang='lat' dir='ltr'>opt-indum,</span> <span class='ocrx_word' id='word_1_88' title='bbox 1043 1087 1116 1127; x_wconf 84' lang='lat' dir='ltr'>sed</span> <span class='ocrx_word' id='word_1_89' title='bbox 1148 1087 1261 1141; x_wconf 86' lang='lat' dir='ltr'>quod</span> <span class='ocrx_word' id='word_1_90' title='bbox 1293 1084 1512 1140; x_wconf 73' lang='lat' dir='ltr'>expedit.3)</span> 
     </span>
    </p>

    <p class='ocr_par' dir='ltr' id='par_1_7' title="bbox 230 1153 1486 1211">
     <span class='ocr_line' id='line_1_14' title="bbox 230 1153 1486 1211; baseline -0.001 -14"><span class='ocrx_word' id='word_1_91' title='bbox 230 1156 312 1197; x_wconf 83' lang='lat'>130</span> <span class='ocrx_word' id='word_1_92' title='bbox 343 1156 418 1197; x_wconf 89' lang='lat' dir='ltr'>Nil</span> <span class='ocrx_word' id='word_1_93' title='bbox 450 1157 528 1197; x_wconf 72' lang='lat' dir='ltr'>duc</span> <span class='ocrx_word' id='word_1_94' title='bbox 561 1156 812 1210; x_wconf 72' lang='lat' dir='ltr'>pretiosum,</span> <span class='ocrx_word' id='word_1_95' title='bbox 844 1156 957 1210; x_wconf 78' lang='lat' dir='ltr'>quod</span> <span class='ocrx_word' id='word_1_96' title='bbox 987 1156 1069 1198; x_wconf 90' lang='lat' dir='ltr'>tibi</span> <span class='ocrx_word' id='word_1_97' title='bbox 1103 1156 1264 1198; x_wconf 74' lang='lat' dir='ltr'>auferri</span> <span class='ocrx_word' id='word_1_98' title='bbox 1292 1153 1486 1211; x_wconf 47' lang='lat' dir='ltr'>potes-ts&amp;</span> 
     </span>
    </p>

    <p class='ocr_par' dir='ltr' id='par_1_8' title="bbox 228 1224 1474 1282">
     <span class='ocr_line' id='line_1_15' title="bbox 228 1224 1474 1282; baseline 0 -14"><span class='ocrx_word' id='word_1_99' title='bbox 228 1227 310 1268; x_wconf 76' lang='lat'>153</span> <span class='ocrx_word' id='word_1_100' title='bbox 343 1227 581 1281; x_wconf 69' lang='lat' dir='ltr'>Tamqiuim</span> <span class='ocrx_word' id='word_1_101' title='bbox 613 1242 775 1268; x_wconf 84' lang='lat' dir='ltr'>veneno</span> <span class='ocrx_word' id='word_1_102' title='bbox 808 1227 1056 1268; x_wconf 70' lang='lat' dir='ltr'>utendumst</span> <span class='ocrx_word' id='word_1_103' title='bbox 1088 1228 1170 1269; x_wconf 87' lang='lat' dir='ltr'>tibi</span> <span class='ocrx_word' id='word_1_104' title='bbox 1202 1224 1474 1282; x_wconf 52' lang='lat' dir='ltr'>mendaciofi)</span> 
     </span>
    </p>

    <p class='ocr_par' dir='ltr' id='par_1_9' title="bbox 227 1294 1466 1352">
     <span class='ocr_line' id='line_1_16' title="bbox 227 1294 1466 1352; baseline -0.001 -13"><span class='ocrx_word' id='word_1_105' title='bbox 227 1298 307 1339; x_wconf 87' lang='grc'>161</span> <span class='ocrx_word' id='word_1_106' title='bbox 342 1298 459 1339; x_wconf 83' lang='lat' dir='ltr'>Tune</span> <span class='ocrx_word' id='word_1_107' title='bbox 491 1298 676 1352; x_wconf 72' lang='lat' dir='ltr'>loquere7</span> <span class='ocrx_word' id='word_1_108' title='bbox 709 1312 806 1338; x_wconf 84' lang='lat' dir='ltr'>oum</span> <span class='ocrx_word' id='word_1_109' title='bbox 837 1298 978 1338; x_wconf 71' lang='lat' dir='ltr'>tacere</span> <span class='ocrx_word' id='word_1_110' title='bbox 1010 1298 1093 1339; x_wconf 88' lang='lat' dir='ltr'>tibi</span> <span class='ocrx_word' id='word_1_111' title='bbox 1125 1313 1212 1340; x_wconf 87' lang='lat' dir='ltr'>non</span> <span class='ocrx_word' id='word_1_112' title='bbox 1244 1294 1466 1351; x_wconf 74' lang='lat' dir='ltr'>expedit.⁰)</span> 
     </span>
    </p>

    <p class='ocr_par' dir='ltr' id='par_1_10' title="bbox 227 1365 1662 1423">
     <span class='ocr_line' id='line_1_17' title="bbox 227 1365 1662 1423; baseline -0.001 -14"><span class='ocrx_word' id='word_1_113' title='bbox 227 1368 310 1409; x_wconf 77' lang='lat'>165</span> <span class='ocrx_word' id='word_1_114' title='bbox 341 1368 497 1409; x_wconf 72' lang='lat' dir='ltr'>Melius</span> <span class='ocrx_word' id='word_1_115' title='bbox 531 1370 596 1409; x_wconf 90' lang='lat' dir='ltr'>est</span> <span class='ocrx_word' id='word_1_116' title='bbox 627 1369 823 1410; x_wconf 52' lang='lat' dir='ltr'>veracem</span> <span class='ocrx_word' id='word_1_117' title='bbox 855 1368 969 1409; x_wconf 83' lang='lat' dir='ltr'>vinei</span> <span class='ocrx_word' id='word_1_118' title='bbox 1001 1370 1131 1423; x_wconf 64' lang='lat' dir='ltr'>quzim</span> <span class='ocrx_word' id='word_1_119' title='bbox 1162 1369 1411 1410; x_wconf 79' lang='lat' dir='ltr'>mendaeem</span> <span class='ocrx_word' id='word_1_120' title='bbox 1444 1365 1662 1423; x_wconf 55' lang='lat' dir='ltr'>vincere-F&gt;</span> 
     </span>
    </p>

    <p class='ocr_par' dir='ltr' id='par_1_11' title="bbox 223 1436 1431 1493">
     <span class='ocr_line' id='line_1_18' title="bbox 223 1436 1431 1493; baseline -0.001 -13"><span class='ocrx_word' id='word_1_121' title='bbox 223 1439 309 1481; x_wconf 74' lang='lat'>202</span> <span class='ocrx_word' id='word_1_122' title='bbox 339 1439 415 1480; x_wconf 90' lang='lat' dir='ltr'>Nil</span> <span class='ocrx_word' id='word_1_123' title='bbox 446 1442 493 1480; x_wconf 66' lang='lat' dir='ltr'>tii</span> <span class='ocrx_word' id='word_1_124' title='bbox 526 1439 688 1480; x_wconf 82' lang='lat' dir='ltr'>malum</span> <span class='ocrx_word' id='word_1_125' title='bbox 720 1439 873 1492; x_wconf 52' lang='lat' dir='ltr'>putato</span> <span class='ocrx_word' id='word_1_126' title='bbox 906 1439 1018 1493; x_wconf 88' lang='lat' dir='ltr'>quod</span> <span class='ocrx_word' id='word_1_127' title='bbox 1048 1454 1135 1481; x_wconf 93' lang='lat' dir='ltr'>non</span> <span class='ocrx_word' id='word_1_128' title='bbox 1166 1442 1292 1493; x_wconf 77' lang='lat' dir='ltr'>turpe</span> <span class='ocrx_word' id='word_1_129' title='bbox 1326 1436 1431 1492; x_wconf 66' lang='lat' dir='ltr'>sit.3)</span> 
     </span>
    </p>

    <p class='ocr_par' dir='ltr' id='par_1_12' title="bbox 221 1506 1552 1564">
     <span class='ocr_line' id='line_1_19' title="bbox 221 1506 1552 1564; baseline 0 -14"><span class='ocrx_word' id='word_1_130' title='bbox 221 1509 304 1550; x_wconf 80' lang='lat'>211</span> <span class='ocrx_word' id='word_1_131' title='bbox 338 1506 464 1550; x_wconf 81' lang='lat' dir='ltr'>&#39;Aliis</span> <span class='ocrx_word' id='word_1_132' title='bbox 497 1510 533 1550; x_wconf 90' lang='lat' dir='ltr'>si</span> <span class='ocrx_word' id='word_1_133' title='bbox 565 1510 660 1564; x_wconf 89' lang='lat' dir='ltr'>quis</span> <span class='ocrx_word' id='word_1_134' title='bbox 692 1510 830 1551; x_wconf 77' lang='lat' dir='ltr'>utitur</span> <span class='ocrx_word' id='word_1_135' title='bbox 860 1510 985 1564; x_wconf 76' lang='lat' dir='ltr'>male,</span> <span class='ocrx_word' id='word_1_136' title='bbox 1016 1510 1154 1551; x_wconf 77' lang='lat' dir='ltr'>utitur</span> <span class='ocrx_word' id='word_1_137' title='bbox 1187 1525 1231 1551; x_wconf 87' lang='lat' dir='ltr'>se</span> <span class='ocrx_word' id='word_1_138' title='bbox 1264 1510 1358 1563; x_wconf 77' lang='lat' dir='ltr'>ips6</span> <span class='ocrx_word' id='word_1_139' title='bbox 1391 1508 1552 1564; x_wconf 53' lang='lat' dir='ltr'>maleP)</span> 
     </span>
    </p>

    <p class='ocr_par' dir='ltr' id='par_1_13' title="bbox 221 1578 1710 1636">
     <span class='ocr_line' id='line_1_20' title="bbox 221 1578 1710 1636; baseline 0 -15"><span class='ocrx_word' id='word_1_140' title='bbox 221 1580 306 1622; x_wconf 79' lang='lat'>226</span> <span class='ocrx_word' id='word_1_141' title='bbox 339 1579 424 1629; x_wconf 74' lang='lat' dir='ltr'>Qus</span> <span class='ocrx_word' id='word_1_142' title='bbox 449 1596 538 1622; x_wconf 88' lang='lat' dir='ltr'>non</span> <span class='ocrx_word' id='word_1_143' title='bbox 568 1579 712 1635; x_wconf 75' lang='lat' dir='ltr'>diligit</span> <span class='ocrx_word' id='word_1_144' title='bbox 743 1580 995 1635; x_wconf 79' lang='lat' dir='ltr'>sapientem,</span> <span class='ocrx_word' id='word_1_145' title='bbox 1025 1582 1104 1622; x_wconf 73' lang='lat' dir='ltr'>neo</span> <span class='ocrx_word' id='word_1_146' title='bbox 1137 1596 1227 1622; x_wconf 84' lang='lat' dir='ltr'>sese</span> <span class='ocrx_word' id='word_1_147' title='bbox 1261 1581 1404 1635; x_wconf 87' lang='lat' dir='ltr'>ipsum</span> <span class='ocrx_word' id='word_1_148' title='bbox 1436 1578 1645 1636; x_wconf 54' lang='lat' dir='ltr'>diligitm)</span> <span class='ocrx_word' id='word_1_149' title='bbox 1708 1592 1710 1594; x_wconf 86' lang='grc'><em>·</em></span> 
     </span>
    </p>

    <p class='ocr_par' dir='ltr' id='par_1_14' title="bbox 222 1649 1295 1706">
     <span class='ocr_line' id='line_1_21' title="bbox 222 1649 1295 1706; baseline 0 -14"><span class='ocrx_word' id='word_1_150' title='bbox 222 1651 306 1692; x_wconf 71' lang='grc'>237</span> <span class='ocrx_word' id='word_1_151' title='bbox 340 1651 493 1692; x_wconf 64' lang='lat' dir='ltr'>Mulier</span> <span class='ocrx_word' id='word_1_152' title='bbox 524 1651 680 1705; x_wconf 80' lang='lat' dir='ltr'>pudica</span> <span class='ocrx_word' id='word_1_153' title='bbox 714 1649 783 1691; x_wconf 79' lang='lat' dir='ltr'>sui&#39;</span> <span class='ocrx_word' id='word_1_154' title='bbox 810 1652 957 1692; x_wconf 80' lang='lat' dir='ltr'>mariti</span> <span class='ocrx_word' id='word_1_155' title='bbox 991 1651 1133 1706; x_wconf 77' lang='lat' dir='ltr'>gloria</span> <span class='ocrx_word' id='word_1_156' title='bbox 1166 1650 1295 1706; x_wconf 64' lang='lat' dir='ltr'>estu)</span> 
     </span>
    </p>

    <p class='ocr_par' dir='ltr' id='par_1_15' title="bbox 221 1719 1413 1777">
     <span class='ocr_line' id='line_1_22' title="bbox 221 1719 1413 1777; baseline 0 -15"><span class='ocrx_word' id='word_1_157' title='bbox 221 1722 307 1763; x_wconf 70' lang='lat'>240</span> <span class='ocrx_word' id='word_1_158' title='bbox 341 1721 461 1763; x_wconf 76' lang='lat' dir='ltr'>Sicut</span> <span class='ocrx_word' id='word_1_159' title='bbox 493 1737 661 1764; x_wconf 78' lang='lat' dir='ltr'>coerces</span> <span class='ocrx_word' id='word_1_160' title='bbox 694 1722 899 1777; x_wconf 70' lang='lat' dir='ltr'>ventrem,</span> <span class='ocrx_word' id='word_1_161' title='bbox 932 1722 1145 1764; x_wconf 86' lang='lat' dir='ltr'>Venerem</span> <span class='ocrx_word' id='word_1_162' title='bbox 1177 1719 1413 1776; x_wconf 59' lang='lat' dir='ltr'>contineffl)</span> 
     </span>
    </p>

    <p class='ocr_par' dir='ltr' id='par_1_16' title="bbox 221 1790 1558 1847">
     <span class='ocr_line' id='line_1_23' title="bbox 221 1790 1558 1847; baseline -0.001 -13"><span class='ocrx_word' id='word_1_163' title='bbox 221 1793 307 1834; x_wconf 73' lang='lat'>270</span> <span class='ocrx_word' id='word_1_164' title='bbox 338 1792 480 1834; x_wconf 90' lang='lat' dir='ltr'>Homo</span> <span class='ocrx_word' id='word_1_165' title='bbox 512 1791 562 1845; x_wconf 68' lang='lat' dir='ltr'>ss,</span> <span class='ocrx_word' id='word_1_166' title='bbox 595 1807 719 1847; x_wconf 87' lang='lat' dir='ltr'>quem</span> <span class='ocrx_word' id='word_1_167' title='bbox 752 1795 901 1833; x_wconf 81' lang='lat' dir='ltr'>venter</span> <span class='ocrx_word' id='word_1_168' title='bbox 932 1792 1078 1847; x_wconf 75' lang='lat' dir='ltr'>vineit,</span> <span class='ocrx_word' id='word_1_169' title='bbox 1111 1792 1266 1833; x_wconf 88' lang='lat' dir='ltr'>similis</span> <span class='ocrx_word' id='word_1_170' title='bbox 1299 1790 1558 1847; x_wconf 75' lang='lat' dir='ltr'>beluaest.¹3)</span> 
     </span>
    </p>

    <p class='ocr_par' dir='ltr' id='par_1_17' title="bbox 220 1860 1494 1918">
     <span class='ocr_line' id='line_1_24' title="bbox 220 1860 1494 1918; baseline -0.001 -14"><span class='ocrx_word' id='word_1_171' title='bbox 220 1863 306 1904; x_wconf 75' lang='lat'>‘275</span> <span class='ocrx_word' id='word_1_172' title='bbox 336 1863 437 1905; x_wconf 91' lang='lat' dir='ltr'>Non</span> <span class='ocrx_word' id='word_1_173' title='bbox 469 1864 639 1918; x_wconf 64' lang='lat' dir='ltr'>szipiens</span> <span class='ocrx_word' id='word_1_174' title='bbox 672 1864 882 1905; x_wconf 80' lang='lat' dir='ltr'>factumst</span> <span class='ocrx_word' id='word_1_175' title='bbox 910 1863 956 1906; x_wconf 72' lang='lat' dir='ltr'>sn</span> <span class='ocrx_word' id='word_1_176' title='bbox 989 1878 1071 1918; x_wconf 90' lang='lat' dir='ltr'>quo</span> <span class='ocrx_word' id='word_1_177' title='bbox 1102 1863 1283 1905; x_wconf 53' lang='lat' dir='ltr'>libertas</span> <span class='ocrx_word' id='word_1_178' title='bbox 1314 1860 1494 1918; x_wconf 52' lang='lat' dir='ltr'>perium)</span> 
     </span>
    </p>
   </div>
   <div class='ocr_carea' id='block_1_5' title="bbox 176 2022 1702 2485">
    <p class='ocr_par' dir='ltr' id='par_1_18' title="bbox 176 2022 1702 2485">
     <span class='ocr_line' id='line_1_25' title="bbox 275 2022 1702 2072; baseline 0 -10"><span class='ocrx_word' id='word_1_179' title='bbox 275 2028 300 2072; x_wconf 90' lang='lat'>¹)</span> <span class='ocrx_word' id='word_1_180' title='bbox 327 2039 403 2062; x_wconf 89' lang='lat' dir='ltr'>non</span> <span class='ocrx_word' id='word_1_181' title='bbox 428 2028 483 2063; x_wconf 85' lang='lat' dir='ltr'>est</span> <span class='ocrx_word' id='word_1_182' title='bbox 509 2027 702 2061; x_wconf 77' lang='lat' dir='ltr'>minimum</span> <span class='ocrx_word' id='word_1_183' title='bbox 727 2027 766 2062; x_wconf 82' lang='lat' dir='ltr'>in</span> <span class='ocrx_word' id='word_1_184' title='bbox 790 2027 870 2063; x_wconf 76' lang='lat' dir='ltr'>uita</span> <span class='ocrx_word' id='word_1_185' title='bbox 894 2028 930 2062; x_wconf 90' lang='lat' dir='ltr'>h.</span> <span class='ocrx_word' id='word_1_186' title='bbox 956 2027 1155 2072; x_wconf 84' lang='lat' dir='ltr'>neglegere</span> <span class='ocrx_word' id='word_1_187' title='bbox 1181 2025 1335 2061; x_wconf 75' lang='lat' dir='ltr'>minima,</span> <span class='ocrx_word' id='word_1_188' title='bbox 1359 2025 1396 2060; x_wconf 82' lang='lat' dir='ltr'><em>R</em></span> <span class='ocrx_word' id='word_1_189' title='bbox 1431 2022 1475 2061; x_wconf 81' lang='grc' dir='ltr'>οὐ</span> <span class='ocrx_word' id='word_1_190' title='bbox 1502 2024 1634 2072; x_wconf 81' lang='grc' dir='ltr'><em>μικρὸν</em></span> <span class='ocrx_word' id='word_1_191' title='bbox 1661 2024 1702 2062; x_wconf 80' lang='grc' dir='ltr'>ἐν</span> 
     </span>
     <span class='ocr_line' id='line_1_26' title="bbox 177 2083 1702 2133; baseline 0 -13"><span class='ocrx_word' id='word_1_192' title='bbox 177 2087 243 2133; x_wconf 84' lang='grc' dir='ltr'>βίῳ</span> <span class='ocrx_word' id='word_1_193' title='bbox 270 2085 310 2121; x_wconf 79' lang='grc' dir='ltr'>τὸ</span> <span class='ocrx_word' id='word_1_194' title='bbox 335 2083 436 2131; x_wconf 83' lang='grc' dir='ltr'><em>παρὰ</em></span> <span class='ocrx_word' id='word_1_195' title='bbox 463 2085 595 2132; x_wconf 86' lang='grc' dir='ltr'><em>μικρόν</em></span> <span class='ocrx_word' id='word_1_196' title='bbox 619 2087 738 2121; x_wconf 77' lang='lat' dir='ltr'>Boz&#39;ss.</span> <span class='ocrx_word' id='word_1_197' title='bbox 765 2087 781 2121; x_wconf 91' lang='lat' dir='ltr'>I</span> <span class='ocrx_word' id='word_1_198' title='bbox 809 2091 872 2121; x_wconf 91' lang='lat'>131</span> <span class='ocrx_word' id='word_1_199' title='bbox 986 2087 1012 2132; x_wconf 77' lang='lat'>2)</span> <span class='ocrx_word' id='word_1_200' title='bbox 1041 2086 1179 2131; x_wconf 78' lang='lat' dir='ltr'>quanta</span> <span class='ocrx_word' id='word_1_201' title='bbox 1204 2085 1297 2120; x_wconf 80' lang='lat' dir='ltr'>uitia</span> <span class='ocrx_word' id='word_1_202' title='bbox 1328 2085 1442 2120; x_wconf 80' lang='lat' dir='ltr'>habet</span> <span class='ocrx_word' id='word_1_203' title='bbox 1473 2085 1612 2130; x_wconf 79' lang='lat' dir='ltr'>anima,</span> <span class='ocrx_word' id='word_1_204' title='bbox 1643 2087 1702 2121; x_wconf 83' lang='lat' dir='ltr'>tot</span> 
     </span>
     <span class='ocr_line' id='line_1_27' title="bbox 177 2141 1699 2190; baseline 0 -10"><span class='ocrx_word' id='word_1_205' title='bbox 177 2146 214 2180; x_wconf 84' lang='lat' dir='ltr'>et</span> <span class='ocrx_word' id='word_1_206' title='bbox 257 2145 423 2181; x_wconf 86' lang='lat' dir='ltr'>dominos</span> <span class='ocrx_word' id='word_1_207' title='bbox 467 2145 503 2180; x_wconf 84' lang='lat' dir='ltr'><em>R</em></span> <span class='ocrx_word' id='word_1_208' title='bbox 540 2142 610 2181; x_wconf 75' lang='grc' dir='ltr'>ὅσα</span> <span class='ocrx_word' id='word_1_209' title='bbox 653 2142 761 2189; x_wconf 77' lang='grc' dir='ltr'><em>πάθη</em></span> <span class='ocrx_word' id='word_1_210' title='bbox 804 2146 943 2190; x_wconf 82' lang='grc' dir='ltr'><em>ψυχῆς,</em></span> <span class='ocrx_word' id='word_1_211' title='bbox 989 2146 1158 2180; x_wconf 82' lang='grc' dir='ltr'><em>τοσοῦτοι</em></span> <span class='ocrx_word' id='word_1_212' title='bbox 1202 2141 1381 2180; x_wconf 79' lang='grc' dir='ltr'><em>δεσπόται</em></span> <span class='ocrx_word' id='word_1_213' title='bbox 1411 2143 1529 2179; x_wconf 80' lang='lat' dir='ltr'>Boiss.</span> <span class='ocrx_word' id='word_1_214' title='bbox 1573 2145 1589 2179; x_wconf 87' lang='grc' dir='ltr'><strong>Ι</strong></span> <span class='ocrx_word' id='word_1_215' title='bbox 1634 2149 1699 2180; x_wconf 88' lang='grc'>131</span> 
     </span>
     <span class='ocr_line' id='line_1_28' title="bbox 179 2199 1699 2250; baseline 0 -11"><span class='ocrx_word' id='word_1_216' title='bbox 179 2204 205 2249; x_wconf 84' lang='lat'>³)</span> <span class='ocrx_word' id='word_1_217' title='bbox 233 2206 321 2249; x_wconf 81' lang='lat' dir='ltr'>opta</span> <span class='ocrx_word' id='word_1_218' title='bbox 345 2204 416 2239; x_wconf 84' lang='lat' dir='ltr'>tibi</span> <span class='ocrx_word' id='word_1_219' title='bbox 441 2204 586 2240; x_wconf 85' lang='lat' dir='ltr'>euenire</span> <span class='ocrx_word' id='word_1_220' title='bbox 612 2216 686 2239; x_wconf 91' lang='lat' dir='ltr'>non</span> <span class='ocrx_word' id='word_1_221' title='bbox 712 2205 811 2248; x_wconf 85' lang='lat' dir='ltr'>quod</span> <span class='ocrx_word' id='word_1_222' title='bbox 834 2204 902 2248; x_wconf 88' lang='lat' dir='ltr'>uis,</span> <span class='ocrx_word' id='word_1_223' title='bbox 930 2204 995 2239; x_wconf 84' lang='lat' dir='ltr'>sed</span> <span class='ocrx_word' id='word_1_224' title='bbox 1019 2204 1118 2249; x_wconf 88' lang='lat' dir='ltr'>quod</span> <span class='ocrx_word' id='word_1_225' title='bbox 1144 2204 1293 2250; x_wconf 79' lang='lat' dir='ltr'>expedit</span> <span class='ocrx_word' id='word_1_226' title='bbox 1314 2203 1351 2238; x_wconf 80' lang='lat' dir='ltr'><em>R</em></span> <span class='ocrx_word' id='word_1_227' title='bbox 1377 2199 1488 2248; x_wconf 77' lang='grc' dir='ltr'><em>εὔχου</em></span> <span class='ocrx_word' id='word_1_228' title='bbox 1516 2215 1572 2238; x_wconf 89' lang='grc' dir='ltr'>σοι</span> <span class='ocrx_word' id='word_1_229' title='bbox 1598 2200 1699 2248; x_wconf 83' lang='grc' dir='ltr'><strong><em>γενέ-</em></strong></span> 
     </span>
     <span class='ocr_line' id='line_1_29' title="bbox 177 2259 1698 2309; baseline 0 -12"><span class='ocrx_word' id='word_1_230' title='bbox 177 2265 267 2297; x_wconf 83' lang='grc' dir='ltr'><em>σθαι</em></span> <span class='ocrx_word' id='word_1_231' title='bbox 295 2261 343 2308; x_wconf 88' lang='grc' dir='ltr'>μὴ</span> <span class='ocrx_word' id='word_1_232' title='bbox 371 2259 396 2297; x_wconf 80' lang='grc' dir='ltr'>ἅ</span> <span class='ocrx_word' id='word_1_233' title='bbox 422 2261 558 2308; x_wconf 81' lang='grc' dir='ltr'><em>βούλει,</em></span> <span class='ocrx_word' id='word_1_234' title='bbox 584 2259 663 2297; x_wconf 70' lang='grc' dir='ltr'>ἀλλ’</span> <span class='ocrx_word' id='word_1_235' title='bbox 692 2259 716 2297; x_wconf 72' lang='grc' dir='ltr'><em>ἃ</em></span> <span class='ocrx_word' id='word_1_236' title='bbox 743 2262 925 2309; x_wconf 79' lang='grc' dir='ltr'><em>συμφέρει</em></span> <span class='ocrx_word' id='word_1_237' title='bbox 950 2262 1067 2298; x_wconf 80' lang='lat' dir='ltr'>Boiss.</span> <span class='ocrx_word' id='word_1_238' title='bbox 1093 2264 1110 2297; x_wconf 92' lang='lat' dir='ltr'>I</span> <span class='ocrx_word' id='word_1_239' title='bbox 1138 2268 1203 2297; x_wconf 71' lang='lat'>122</span> <span class='ocrx_word' id='word_1_240' title='bbox 1321 2263 1348 2307; x_wconf 71' lang='lat'>4)</span> <span class='ocrx_word' id='word_1_241' title='bbox 1374 2262 1469 2296; x_wconf 82' lang='lat' dir='ltr'>nihil</span> <span class='ocrx_word' id='word_1_242' title='bbox 1494 2262 1698 2307; x_wconf 86' lang='lat' dir='ltr'>pretiosum</span> 
     </span>
     <span class='ocr_line' id='line_1_30' title="bbox 177 2320 1699 2367; baseline 0 -11"><span class='ocrx_word' id='word_1_243' title='bbox 177 2322 288 2356; x_wconf 82' lang='lat' dir='ltr'>ducas</span> <span class='ocrx_word' id='word_1_244' title='bbox 323 2323 422 2366; x_wconf 86' lang='lat' dir='ltr'>quod</span> <span class='ocrx_word' id='word_1_245' title='bbox 446 2323 570 2367; x_wconf 81' lang='lat' dir='ltr'>potest</span> <span class='ocrx_word' id='word_1_246' title='bbox 595 2334 617 2357; x_wconf 80' lang='lat' dir='ltr'>a</span> <span class='ocrx_word' id='word_1_247' title='bbox 641 2324 678 2357; x_wconf 86' lang='lat' dir='ltr'>te</span> <span class='ocrx_word' id='word_1_248' title='bbox 705 2322 848 2358; x_wconf 80' lang='lat' dir='ltr'>auferre</span> <span class='ocrx_word' id='word_1_249' title='bbox 873 2323 986 2358; x_wconf 90' lang='lat' dir='ltr'>homo</span> <span class='ocrx_word' id='word_1_250' title='bbox 1011 2322 1130 2357; x_wconf 81' lang='lat' dir='ltr'>malus</span> <span class='ocrx_word' id='word_1_251' title='bbox 1157 2322 1193 2356; x_wconf 79' lang='lat' dir='ltr'><em>R</em></span> <span class='ocrx_word' id='word_1_252' title='bbox 1333 2322 1360 2366; x_wconf 83' lang='lat'>5)</span> <span class='ocrx_word' id='word_1_253' title='bbox 1387 2320 1580 2356; x_wconf 78' lang='lat' dir='ltr'>mendacio</span> <span class='ocrx_word' id='word_1_254' title='bbox 1605 2322 1699 2356; x_wconf 82' lang='lat' dir='ltr'>tam-</span> 
     </span>
     <span class='ocr_line' id='line_1_31' title="bbox 176 2377 1697 2427; baseline 0.001 -12"><span class='ocrx_word' id='word_1_255' title='bbox 176 2393 285 2425; x_wconf 85' lang='lat' dir='ltr'>quam</span> <span class='ocrx_word' id='word_1_256' title='bbox 310 2393 452 2416; x_wconf 87' lang='lat' dir='ltr'>ueneno</span> <span class='ocrx_word' id='word_1_257' title='bbox 473 2383 575 2416; x_wconf 83' lang='lat' dir='ltr'>utere</span> <span class='ocrx_word' id='word_1_258' title='bbox 590 2381 625 2415; x_wconf 82' lang='lat' dir='ltr'><em>R</em></span> <span class='ocrx_word' id='word_1_259' title='bbox 651 2382 699 2427; x_wconf 81' lang='grc' dir='ltr'><em>τῷ</em></span> <span class='ocrx_word' id='word_1_260' title='bbox 725 2379 862 2425; x_wconf 78' lang='grc' dir='ltr'><em>ψεύδει</em></span> <span class='ocrx_word' id='word_1_261' title='bbox 882 2378 931 2422; x_wconf 83' lang='grc' dir='ltr'>ὡς</span> <span class='ocrx_word' id='word_1_262' title='bbox 951 2377 1138 2426; x_wconf 75' lang='grc' dir='ltr'><em>φαρμάκῳ</em></span> <span class='ocrx_word' id='word_1_263' title='bbox 1159 2381 1230 2425; x_wconf 84' lang='grc' dir='ltr'>χρῶ</span> <span class='ocrx_word' id='word_1_264' title='bbox 1252 2380 1357 2415; x_wconf 85' lang='lat' dir='ltr'>Boiss</span> <span class='ocrx_word' id='word_1_265' title='bbox 1378 2380 1394 2414; x_wconf 93' lang='lat' dir='ltr'>I</span> <span class='ocrx_word' id='word_1_266' title='bbox 1415 2384 1499 2415; x_wconf 76' lang='lat'>129:</span> <span class='ocrx_word' id='word_1_267' title='bbox 1527 2380 1571 2415; x_wconf 84' lang='lat' dir='ltr'>cf.</span> <span class='ocrx_word' id='word_1_268' title='bbox 1590 2380 1697 2416; x_wconf 87' lang='lat' dir='ltr'>Publ.</span> 
     </span>
     <span class='ocr_line' id='line_1_32' title="bbox 176 2439 1696 2485; baseline -0.001 -10"><span class='ocrx_word' id='word_1_269' title='bbox 176 2441 252 2484; x_wconf 81' lang='lat' dir='ltr'>Syr.</span> <span class='ocrx_word' id='word_1_270' title='bbox 281 2445 347 2476; x_wconf 88' lang='grc'>636</span> <span class='ocrx_word' id='word_1_271' title='bbox 423 2440 450 2485; x_wconf 76' lang='lat'>⁶)</span> <span class='ocrx_word' id='word_1_272' title='bbox 477 2442 565 2474; x_wconf 77' lang='lat' dir='ltr'>tuno</span> <span class='ocrx_word' id='word_1_273' title='bbox 590 2441 751 2484; x_wconf 85' lang='lat' dir='ltr'>loquere,</span> <span class='ocrx_word' id='word_1_274' title='bbox 779 2440 924 2484; x_wconf 77' lang='lat' dir='ltr'>qua-ndo</span> <span class='ocrx_word' id='word_1_275' title='bbox 944 2442 1068 2475; x_wconf 80' lang='lat' dir='ltr'>tacere</span> <span class='ocrx_word' id='word_1_276' title='bbox 1088 2451 1162 2474; x_wconf 89' lang='lat' dir='ltr'>non</span> <span class='ocrx_word' id='word_1_277' title='bbox 1182 2439 1331 2484; x_wconf 78' lang='lat' dir='ltr'>expedit</span> <span class='ocrx_word' id='word_1_278' title='bbox 1349 2439 1401 2474; x_wconf 82' lang='lat' dir='ltr'>R:</span> <span class='ocrx_word' id='word_1_279' title='bbox 1423 2439 1467 2474; x_wconf 84' lang='lat' dir='ltr'>of.</span> <span class='ocrx_word' id='word_1_280' title='bbox 1488 2439 1579 2473; x_wconf 82' lang='lat' dir='ltr'>Eun.</span> <span class='ocrx_word' id='word_1_281' title='bbox 1601 2441 1696 2484; x_wconf 80' lang='lat' dir='ltr'>trag.</span> 
     </span>
    </p>
   </div>
   <div class='ocr_carea' id='block_1_6' title="bbox 175 2497 1697 2662">
    <p class='ocr_par' dir='ltr' id='par_1_19' title="bbox 175 2497 1697 2662">
     <span class='ocr_line' id='line_1_33' title="bbox 177 2497 1697 2544; baseline -0.001 -10"><span class='ocrx_word' id='word_1_282' title='bbox 177 2503 241 2534; x_wconf 79' lang='lat'>132</span> <span class='ocrx_word' id='word_1_283' title='bbox 269 2511 321 2544; x_wconf 81' lang='lat' dir='ltr'>sq.</span> <span class='ocrx_word' id='word_1_284' title='bbox 406 2500 430 2544; x_wconf 81' lang='lat'>⁷)</span> <span class='ocrx_word' id='word_1_285' title='bbox 458 2498 589 2533; x_wconf 83' lang='lat' dir='ltr'>melius</span> <span class='ocrx_word' id='word_1_286' title='bbox 615 2498 715 2533; x_wconf 80' lang='lat' dir='ltr'>uinci</span> <span class='ocrx_word' id='word_1_287' title='bbox 744 2511 834 2534; x_wconf 83' lang='lat' dir='ltr'>uera</span> <span class='ocrx_word' id='word_1_288' title='bbox 865 2499 1048 2534; x_wconf 83' lang='lat' dir='ltr'>dicentem</span> <span class='ocrx_word' id='word_1_289' title='bbox 1080 2510 1190 2543; x_wconf 78' lang='lat' dir='ltr'>quam</span> <span class='ocrx_word' id='word_1_290' title='bbox 1221 2498 1369 2533; x_wconf 83' lang='lat' dir='ltr'>uincere</span> <span class='ocrx_word' id='word_1_291' title='bbox 1394 2497 1635 2532; x_wconf 80' lang='lat' dir='ltr'>mentientem</span> <span class='ocrx_word' id='word_1_292' title='bbox 1660 2498 1697 2533; x_wconf 87' lang='lat' dir='ltr'><em>R</em></span> 
     </span>
     <span class='ocr_line' id='line_1_34' title="bbox 176 2555 1693 2603; baseline -0.002 -11"><span class='ocrx_word' id='word_1_293' title='bbox 176 2558 203 2602; x_wconf 70' lang='grc'>8)</span> <span class='ocrx_word' id='word_1_294' title='bbox 229 2557 323 2592; x_wconf 87' lang='lat' dir='ltr'>nihil</span> <span class='ocrx_word' id='word_1_295' title='bbox 347 2559 455 2603; x_wconf 82' lang='lat' dir='ltr'>putes</span> <span class='ocrx_word' id='word_1_296' title='bbox 481 2558 620 2592; x_wconf 81' lang='lat' dir='ltr'>malum</span> <span class='ocrx_word' id='word_1_297' title='bbox 652 2558 750 2601; x_wconf 83' lang='lat' dir='ltr'>quod</span> <span class='ocrx_word' id='word_1_298' title='bbox 773 2569 849 2593; x_wconf 88' lang='lat' dir='ltr'>non</span> <span class='ocrx_word' id='word_1_299' title='bbox 874 2557 922 2592; x_wconf 82' lang='lat' dir='ltr'>sit</span> <span class='ocrx_word' id='word_1_300' title='bbox 947 2559 985 2593; x_wconf 86' lang='lat' dir='ltr'>et</span> <span class='ocrx_word' id='word_1_301' title='bbox 1002 2559 1110 2603; x_wconf 85' lang='lat' dir='ltr'>turpe</span> <span class='ocrx_word' id='word_1_302' title='bbox 1130 2557 1181 2592; x_wconf 82' lang='lat' dir='ltr'>R:</span> <span class='ocrx_word' id='word_1_303' title='bbox 1203 2557 1248 2591; x_wconf 83' lang='lat' dir='ltr'>cf.</span> <span class='ocrx_word' id='word_1_304' title='bbox 1274 2557 1379 2591; x_wconf 90' lang='lat' dir='ltr'>Publ.</span> <span class='ocrx_word' id='word_1_305' title='bbox 1402 2555 1478 2600; x_wconf 73' lang='lat' dir='ltr'>Syr.</span> <span class='ocrx_word' id='word_1_306' title='bbox 1500 2560 1566 2590; x_wconf 77' lang='lat'>423</span> <span class='ocrx_word' id='word_1_307' title='bbox 1666 2556 1693 2602; x_wconf 78' lang='lat'>⁹)</span> 
     </span>
     <span class='ocr_line' id='line_1_35' title="bbox 175 2614 1696 2662; baseline 0 -12"><span class='ocrx_word' id='word_1_308' title='bbox 175 2616 237 2660; x_wconf 84' lang='lat' dir='ltr'>qui</span> <span class='ocrx_word' id='word_1_309' title='bbox 265 2616 477 2651; x_wconf 70' lang='lat' dir='ltr'>hominibus</span> <span class='ocrx_word' id='word_1_310' title='bbox 503 2616 599 2650; x_wconf 82' lang='lat' dir='ltr'>male</span> <span class='ocrx_word' id='word_1_311' title='bbox 625 2615 752 2659; x_wconf 81' lang='lat' dir='ltr'>utitur,</span> <span class='ocrx_word' id='word_1_312' title='bbox 780 2628 817 2652; x_wconf 85' lang='lat' dir='ltr'>se</span> <span class='ocrx_word' id='word_1_313' title='bbox 842 2616 923 2662; x_wconf 84' lang='lat' dir='ltr'>ipso</span> <span class='ocrx_word' id='word_1_314' title='bbox 942 2616 1039 2651; x_wconf 85' lang='lat' dir='ltr'>male</span> <span class='ocrx_word' id='word_1_315' title='bbox 1058 2615 1175 2651; x_wconf 84' lang='lat' dir='ltr'>utitur</span> <span class='ocrx_word' id='word_1_316' title='bbox 1194 2615 1229 2650; x_wconf 79' lang='lat' dir='ltr'><em>R</em></span> <span class='ocrx_word' id='word_1_317' title='bbox 1330 2615 1371 2659; x_wconf 88' lang='lat'>1⁰)</span> <span class='ocrx_word' id='word_1_318' title='bbox 1394 2615 1489 2659; x_wconf 89' lang='lat' dir='ltr'>sese]</span> <span class='ocrx_word' id='word_1_319' title='bbox 1512 2625 1549 2649; x_wconf 81' lang='lat' dir='ltr'>se</span> <span class='ocrx_word' id='word_1_320' title='bbox 1570 2614 1606 2649; x_wconf 80' lang='lat' dir='ltr'><em>R</em></span> <span class='ocrx_word' id='word_1_321' title='bbox 1654 2616 1696 2650; x_wconf 74' lang='lat' dir='ltr'>in</span> 
     </span>
    </p>
   </div>
   <div class='ocr_carea' id='block_1_7' title="bbox 173 2672 1694 2956">
    <p class='ocr_par' dir='ltr' id='par_1_20' title="bbox 173 2672 1694 2956">
     <span class='ocr_line' id='line_1_36' title="bbox 173 2672 1694 2719; baseline 0.001 -10"><span class='ocrx_word' id='word_1_322' title='bbox 173 2675 244 2717; x_wconf 72' lang='lat' dir='ltr'>fine</span> <span class='ocrx_word' id='word_1_323' title='bbox 275 2674 397 2719; x_wconf 81' lang='lat' dir='ltr'>diligit</span> <span class='ocrx_word' id='word_1_324' title='bbox 421 2675 525 2709; x_wconf 69' lang='lat' dir='ltr'>habet</span> <span class='ocrx_word' id='word_1_325' title='bbox 552 2675 723 2710; x_wconf 72' lang='lat' dir='ltr'>Cantabr.</span> <span class='ocrx_word' id='word_1_326' title='bbox 757 2675 799 2718; x_wconf 87' lang='lat' dir='ltr'>U,</span> <span class='ocrx_word' id='word_1_327' title='bbox 825 2686 890 2710; x_wconf 81' lang='lat' dir='ltr'>om.</span> <span class='ocrx_word' id='word_1_328' title='bbox 917 2675 1021 2709; x_wconf 75' lang='lat' dir='ltr'>ceteri</span> <span class='ocrx_word' id='word_1_329' title='bbox 1133 2674 1174 2719; x_wconf 88' lang='lat'>²¹)</span> <span class='ocrx_word' id='word_1_330' title='bbox 1201 2686 1249 2709; x_wconf 87' lang='lat' dir='ltr'>m.</span> <span class='ocrx_word' id='word_1_331' title='bbox 1275 2687 1310 2719; x_wconf 87' lang='lat' dir='ltr'>p.</span> <span class='ocrx_word' id='word_1_332' title='bbox 1337 2672 1456 2718; x_wconf 77' lang='lat' dir='ltr'>gloria</span> <span class='ocrx_word' id='word_1_333' title='bbox 1479 2672 1551 2707; x_wconf 84' lang='lat' dir='ltr'>uiri</span> <span class='ocrx_word' id='word_1_334' title='bbox 1577 2674 1634 2708; x_wconf 88' lang='lat' dir='ltr'>est</span> <span class='ocrx_word' id='word_1_335' title='bbox 1657 2674 1694 2710; x_wconf 84' lang='lat' dir='ltr'><em>R</em></span> 
     </span>
     <span class='ocr_line' id='line_1_37' title="bbox 178 2728 1693 2778; baseline 0.001 -11"><span class='ocrx_word' id='word_1_336' title='bbox 178 2732 221 2778; x_wconf 81' lang='grc'>12)</span> <span class='ocrx_word' id='word_1_337' title='bbox 247 2735 358 2778; x_wconf 84' lang='lat' dir='ltr'>prout</span> <span class='ocrx_word' id='word_1_338' title='bbox 388 2733 611 2768; x_wconf 80' lang='lat' dir='ltr'>continueris</span> <span class='ocrx_word' id='word_1_339' title='bbox 642 2734 826 2776; x_wconf 85' lang='lat' dir='ltr'>uentrem,</span> <span class='ocrx_word' id='word_1_340' title='bbox 857 2732 912 2768; x_wconf 78' lang='lat' dir='ltr'>ita</span> <span class='ocrx_word' id='word_1_341' title='bbox 943 2733 980 2767; x_wconf 85' lang='lat' dir='ltr'>et</span> <span class='ocrx_word' id='word_1_342' title='bbox 1003 2733 1172 2768; x_wconf 84' lang='lat' dir='ltr'>uenerios</span> <span class='ocrx_word' id='word_1_343' title='bbox 1209 2733 1331 2767; x_wconf 75' lang='lat' dir='ltr'>motus</span> <span class='ocrx_word' id='word_1_344' title='bbox 1363 2732 1398 2766; x_wconf 82' lang='lat' dir='ltr'><em>R</em></span> <span class='ocrx_word' id='word_1_345' title='bbox 1427 2728 1490 2776; x_wconf 82' lang='grc' dir='ltr'>ἐφ’</span> <span class='ocrx_word' id='word_1_346' title='bbox 1526 2728 1614 2767; x_wconf 82' lang='grc' dir='ltr'><em>ὅσον</em></span> <span class='ocrx_word' id='word_1_347' title='bbox 1645 2728 1693 2768; x_wconf 81' lang='grc' dir='ltr'>ὂὶν</span> 
     </span>
     <span class='ocr_line' id='line_1_38' title="bbox 175 2788 1693 2837; baseline 0.002 -12"><span class='ocrx_word' id='word_1_348' title='bbox 175 2788 329 2836; x_wconf 62' lang='grc' dir='ltr'>Ιγαστρὸς</span> <span class='ocrx_word' id='word_1_349' title='bbox 354 2788 477 2837; x_wconf 74' lang='grc' dir='ltr'><em>ἄρξῃς,</em></span> <span class='ocrx_word' id='word_1_350' title='bbox 504 2792 568 2827; x_wconf 81' lang='grc' dir='ltr'>καὶ</span> <span class='ocrx_word' id='word_1_351' title='bbox 594 2789 824 2836; x_wconf 70' lang='grc' dir='ltr'><em>ἀφροδισίων</em></span> <span class='ocrx_word' id='word_1_352' title='bbox 850 2789 975 2835; x_wconf 71' lang='grc' dir='ltr'><em>ἄρξεις</em></span> <span class='ocrx_word' id='word_1_353' title='bbox 999 2791 1116 2826; x_wconf 80' lang='lat' dir='ltr'>Boiss.</span> <span class='ocrx_word' id='word_1_354' title='bbox 1142 2792 1158 2825; x_wconf 85' lang='lat' dir='ltr'>I</span> <span class='ocrx_word' id='word_1_355' title='bbox 1186 2796 1262 2826; x_wconf 90' lang='lat'>131.</span> <span class='ocrx_word' id='word_1_356' title='bbox 1377 2790 1418 2836; x_wconf 84' lang='lat'>¹³)</span> <span class='ocrx_word' id='word_1_357' title='bbox 1445 2791 1556 2826; x_wconf 91' lang='lat' dir='ltr'>homo</span> <span class='ocrx_word' id='word_1_358' title='bbox 1583 2791 1646 2836; x_wconf 86' lang='lat' dir='ltr'>qui</span> <span class='ocrx_word' id='word_1_359' title='bbox 1670 2804 1693 2828; x_wconf 85' lang='lat' dir='ltr'>a</span> 
     </span>
     <span class='ocr_line' id='line_1_39' title="bbox 174 2845 1692 2896; baseline 0.001 -12"><span class='ocrx_word' id='word_1_360' title='bbox 174 2851 302 2886; x_wconf 82' lang='lat' dir='ltr'>uentre</span> <span class='ocrx_word' id='word_1_361' title='bbox 338 2850 498 2886; x_wconf 80' lang='lat' dir='ltr'>uincitur</span> <span class='ocrx_word' id='word_1_362' title='bbox 535 2850 665 2886; x_wconf 76' lang='lat' dir='ltr'>similis</span> <span class='ocrx_word' id='word_1_363' title='bbox 697 2852 754 2886; x_wconf 83' lang='lat' dir='ltr'>est</span> <span class='ocrx_word' id='word_1_364' title='bbox 787 2851 919 2886; x_wconf 83' lang='lat' dir='ltr'>beluae</span> <span class='ocrx_word' id='word_1_365' title='bbox 951 2850 986 2886; x_wconf 82' lang='lat' dir='ltr'><em>R</em></span> <span class='ocrx_word' id='word_1_366' title='bbox 1012 2847 1214 2895; x_wconf 78' lang='grc' dir='ltr'><em>ἄνθρωπος</em></span> <span class='ocrx_word' id='word_1_367' title='bbox 1239 2847 1393 2894; x_wconf 79' lang='grc' dir='ltr'><em>γαστρὸς</em></span> <span class='ocrx_word' id='word_1_368' title='bbox 1419 2845 1540 2894; x_wconf 84' lang='grc' dir='ltr'><em>ἥσσων</em></span> <span class='ocrx_word' id='word_1_369' title='bbox 1565 2845 1692 2896; x_wconf 80' lang='grc' dir='ltr'><em>ὅμοιος</em></span> 
     </span>
     <span class='ocr_line' id='line_1_40' title="bbox 174 2908 1691 2956; baseline 0.003 -14"><span class='ocrx_word' id='word_1_370' title='bbox 174 2909 294 2956; x_wconf 82' lang='grc' dir='ltr'><em>θηρίῳ</em></span> <span class='ocrx_word' id='word_1_371' title='bbox 320 2909 436 2944; x_wconf 78' lang='lat' dir='ltr'>Boiss.</span> <span class='ocrx_word' id='word_1_372' title='bbox 471 2911 487 2944; x_wconf 91' lang='lat' dir='ltr'>l</span> <span class='ocrx_word' id='word_1_373' title='bbox 525 2915 589 2946; x_wconf 80' lang='lat'>132</span> <span class='ocrx_word' id='word_1_374' title='bbox 740 2910 781 2955; x_wconf 67' lang='grc'>14)</span> <span class='ocrx_word' id='word_1_375' title='bbox 816 2921 891 2945; x_wconf 90' lang='lat' dir='ltr'>non</span> <span class='ocrx_word' id='word_1_376' title='bbox 925 2910 981 2945; x_wconf 84' lang='lat' dir='ltr'>est</span> <span class='ocrx_word' id='word_1_377' title='bbox 1016 2908 1161 2955; x_wconf 81' lang='lat' dir='ltr'>sapiens</span> <span class='ocrx_word' id='word_1_378' title='bbox 1192 2908 1218 2945; x_wconf 89' lang='lat' dir='ltr'>f.</span> <span class='ocrx_word' id='word_1_379' title='bbox 1249 2909 1288 2944; x_wconf 81' lang='lat' dir='ltr'>in</span> <span class='ocrx_word' id='word_1_380' title='bbox 1319 2920 1390 2954; x_wconf 90' lang='lat' dir='ltr'>quo</span> <span class='ocrx_word' id='word_1_381' title='bbox 1415 2909 1440 2945; x_wconf 89' lang='lat' dir='ltr'>l.</span> <span class='ocrx_word' id='word_1_382' title='bbox 1467 2908 1630 2946; x_wconf 82' lang='lat' dir='ltr'>aufertur</span> <span class='ocrx_word' id='word_1_383' title='bbox 1654 2910 1691 2946; x_wconf 85' lang='lat' dir='ltr'><em>R</em></span> 
     </span>
    </p>
   </div>
  </div>
 </body>
</html>
