<?xml version="1.0" encoding="UTF-8"?>
<!DOCTYPE html PUBLIC "-//W3C//DTD XHTML 1.0 Transitional//EN"
    "http://www.w3.org/TR/xhtml1/DTD/xhtml1-transitional.dtd">
<html xmlns="http://www.w3.org/1999/xhtml" xml:lang="en" lang="en">
 <head>
  <title>
</title>
<meta http-equiv="Content-Type" content="text/html;charset=utf-8" />
  <meta name='ocr-system' content='tesseract 3.04.00' />
  <meta name='ocr-capabilities' content='ocr_page ocr_carea ocr_par ocr_line ocrx_word'/>
</head>
<body>
  <div class='ocr_page' id='page_1' title='image "./scaenicaeromano02ribbuoft_0537.png"; bbox 0 0 2023 3287; ppageno 0'>
   <div class='ocr_carea' id='block_1_1' title="bbox 467 211 1670 255">
    <p class='ocr_par' dir='ltr' id='par_1_1' title="bbox 467 211 1670 255">
     <span class='ocr_line' id='line_1_1' title="bbox 467 211 1670 255; baseline -0.005 -5"><span class='ocrx_word' id='word_1_1' title='bbox 467 217 806 250; x_wconf 68' lang='lat' dir='ltr'>ANONYMORVM</span> <span class='ocrx_word' id='word_1_2' title='bbox 832 216 1064 251; x_wconf 71' lang='lat' dir='ltr'>MIMORVM</span> <span class='ocrx_word' id='word_1_3' title='bbox 1090 214 1357 255; x_wconf 73' lang='lat' dir='ltr'><strong>RELIQVIAE</strong></span> <span class='ocrx_word' id='word_1_4' title='bbox 1590 211 1670 252; x_wconf 76' lang='grc'>397</span> 
     </span>
    </p>
   </div>
   <div class='ocr_carea' id='block_1_2' title="bbox 151 316 1672 378">
    <p class='ocr_par' dir='ltr' id='par_1_2' title="bbox 151 316 1672 378">
     <span class='ocr_line' id='line_1_2' title="bbox 151 316 1672 378; baseline -0.006 -13"><span class='ocrx_word' id='word_1_5' title='bbox 151 325 333 378; x_wconf 75' lang='lat' dir='ltr'>exitus,</span> <span class='ocrx_word' id='word_1_6' title='bbox 364 337 454 364; x_wconf 87' lang='lat' dir='ltr'>non</span> <span class='ocrx_word' id='word_1_7' title='bbox 484 322 671 363; x_wconf 84' lang='lat' dir='ltr'>fabulae:</span> <span class='ocrx_word' id='word_1_8' title='bbox 711 323 761 363; x_wconf 86' lang='lat' dir='ltr'>in</span> <span class='ocrx_word' id='word_1_9' title='bbox 793 336 887 376; x_wconf 88' lang='lat' dir='ltr'>quo</span> <span class='ocrx_word' id='word_1_10' title='bbox 927 335 1034 361; x_wconf 89' lang='lat' dir='ltr'>cum</span> <span class='ocrx_word' id='word_1_11' title='bbox 1066 318 1297 360; x_wconf 79' lang='lat' dir='ltr'>clausula</span> <span class='ocrx_word' id='word_1_12' title='bbox 1334 332 1434 359; x_wconf 91' lang='lat' dir='ltr'>non</span> <span class='ocrx_word' id='word_1_13' title='bbox 1472 316 1672 357; x_wconf 87' lang='lat' dir='ltr'>inueni-</span> 
     </span>
    </p>
   </div>
   <div class='ocr_carea' id='block_1_3' title="bbox 149 394 1672 518">
    <p class='ocr_par' dir='ltr' id='par_1_3' title="bbox 149 394 1672 518">
     <span class='ocr_line' id='line_1_3' title="bbox 149 394 1672 455; baseline -0.005 -14"><span class='ocrx_word' id='word_1_14' title='bbox 149 403 248 455; x_wconf 81' lang='lat' dir='ltr'>tur,</span> <span class='ocrx_word' id='word_1_15' title='bbox 279 399 415 455; x_wconf 84' lang='lat' dir='ltr'>fugit</span> <span class='ocrx_word' id='word_1_16' title='bbox 446 399 633 453; x_wconf 87' lang='lat' dir='ltr'>aliquis</span> <span class='ocrx_word' id='word_1_17' title='bbox 667 413 687 439; x_wconf 93' lang='lat' dir='ltr'>e</span> <span class='ocrx_word' id='word_1_18' title='bbox 720 397 972 451; x_wconf 80' lang='lat' dir='ltr'>manibus,</span> <span class='ocrx_word' id='word_1_19' title='bbox 1004 395 1154 437; x_wconf 84' lang='lat' dir='ltr'>deinde</span> <span class='ocrx_word' id='word_1_20' title='bbox 1187 394 1363 436; x_wconf 80' lang='lat' dir='ltr'>scabilla</span> <span class='ocrx_word' id='word_1_21' title='bbox 1400 395 1672 448; x_wconf 73' lang='lat' dir='ltr'>concrepant,</span> 
     </span>
     <span class='ocr_line' id='line_1_4' title="bbox 151 474 862 518; baseline -0.003 0"><span class='ocrx_word' id='word_1_22' title='bbox 151 478 347 518; x_wconf 81' lang='lat' dir='ltr'>aulaeum</span> <span class='ocrx_word' id='word_1_23' title='bbox 378 476 570 517; x_wconf 67' lang='lat' dir='ltr'>tollitur?</span> <span class='ocrx_word' id='word_1_24' title='bbox 636 474 697 517; x_wconf 86' lang='lat' dir='ltr'>Cf.</span> <span class='ocrx_word' id='word_1_25' title='bbox 728 474 862 516; x_wconf 84' lang='lat' dir='ltr'>XXX.</span> 
     </span>
    </p>
   </div>
   <div class='ocr_carea' id='block_1_4' title="bbox 213 607 1672 1051">
    <p class='ocr_par' dir='ltr' id='par_1_4' title="bbox 268 607 1672 892">
     <span class='ocr_line' id='line_1_5' title="bbox 268 607 1672 666; baseline -0.005 -13"><span class='ocrx_word' id='word_1_26' title='bbox 268 613 430 654; x_wconf 69' lang='lat' dir='ltr'>Fatuus</span> <span class='ocrx_word' id='word_1_27' title='bbox 461 612 590 654; x_wconf 89' lang='lat' dir='ltr'>homo</span> <span class='ocrx_word' id='word_1_28' title='bbox 611 613 711 666; x_wconf 75' lang='lat' dir='ltr'>post</span> <span class='ocrx_word' id='word_1_29' title='bbox 731 611 858 666; x_wconf 72' lang='lat' dir='ltr'>quaim</span> <span class='ocrx_word' id='word_1_30' title='bbox 878 624 967 650; x_wconf 87' lang='lat' dir='ltr'>rem</span> <span class='ocrx_word' id='word_1_31' title='bbox 986 608 1143 649; x_wconf 86' lang='lat' dir='ltr'>habere</span> <span class='ocrx_word' id='word_1_32' title='bbox 1164 608 1320 662; x_wconf 70' lang='lat' dir='ltr'>coepit,</span> <span class='ocrx_word' id='word_1_33' title='bbox 1352 609 1418 647; x_wconf 82' lang='lat' dir='ltr'>cst</span> <span class='ocrx_word' id='word_1_34' title='bbox 1444 607 1672 647; x_wconf 77' lang='lat' dir='ltr'>emortuus.</span> 
     </span>
     <span class='ocr_line' id='line_1_6' title="bbox 270 759 1439 827; baseline -0.006 -18"><span class='ocrx_word' id='word_1_35' title='bbox 270 798 484 809; x_wconf 93' lang='grc'><strong>......</strong></span> <span class='ocrx_word' id='word_1_36' title='bbox 517 764 618 820; x_wconf 83' lang='lat' dir='ltr'>quid</span> <span class='ocrx_word' id='word_1_37' title='bbox 650 766 715 806; x_wconf 88' lang='lat' dir='ltr'>est</span> <span class='ocrx_word' id='word_1_38' title='bbox 745 764 825 805; x_wconf 89' lang='lat' dir='ltr'>tibi</span> <span class='ocrx_word' id='word_1_39' title='bbox 856 762 941 805; x_wconf 74' lang='lat' dir='ltr'>ista</span> <span class='ocrx_word' id='word_1_40' title='bbox 972 761 1152 804; x_wconf 76' lang='lat' dir='ltr'>mulier?</span> <span class='ocrx_word' id='word_1_41' title='bbox 1203 759 1222 806; x_wconf 77' lang='grc' dir='ltr'>[Γ</span> <span class='ocrx_word' id='word_1_42' title='bbox 1255 764 1372 803; x_wconf 72' lang='lat' dir='ltr'>uxor.</span> <span class='ocrx_word' id='word_1_43' title='bbox 1432 807 1439 827; x_wconf 55' lang='lat' dir='ltr'>x</span> 
     </span>
     <span class='ocr_line' id='line_1_7' title="bbox 272 839 853 892; baseline -0.005 -7"><span class='ocrx_word' id='word_1_44' title='bbox 272 845 292 892; x_wconf 77' lang='grc' dir='ltr'>[Γ</span> <span class='ocrx_word' id='word_1_45' title='bbox 324 842 484 885; x_wconf 77' lang='lat' dir='ltr'>Similis</span> <span class='ocrx_word' id='word_1_46' title='bbox 516 841 680 883; x_wconf 86' lang='lat' dir='ltr'>medius</span> <span class='ocrx_word' id='word_1_47' title='bbox 710 839 853 882; x_wconf 75' lang='lat' dir='ltr'>fidius.</span> 
     </span>
    </p>

    <p class='ocr_par' dir='ltr' id='par_1_5' title="bbox 213 994 1557 1051">
     <span class='ocr_line' id='line_1_8' title="bbox 213 994 1557 1051; baseline -0.004 -12"><span class='ocrx_word' id='word_1_48' title='bbox 213 998 240 1039; x_wconf 81' lang='lat'>5</span> <span class='ocrx_word' id='word_1_49' title='bbox 271 997 314 1038; x_wconf 86' lang='lat' dir='ltr'>Is</span> <span class='ocrx_word' id='word_1_50' title='bbox 347 997 475 1051; x_wconf 74' lang='lat' dir='ltr'>quam</span> <span class='ocrx_word' id='word_1_51' title='bbox 507 996 578 1037; x_wconf 85' lang='lat' dir='ltr'>diu</span> <span class='ocrx_word' id='word_1_52' title='bbox 611 995 663 1036; x_wconf 82' lang='lat' dir='ltr'>ad</span> <span class='ocrx_word' id='word_1_53' title='bbox 696 1010 828 1049; x_wconf 84' lang='lat' dir='ltr'>aquas</span> <span class='ocrx_word' id='word_1_54' title='bbox 860 994 959 1047; x_wconf 78' lang='lat' dir='ltr'>fuit⁷</span> <span class='ocrx_word' id='word_1_55' title='bbox 991 1008 1225 1047; x_wconf 84' lang='lat' dir='ltr'>numquam</span> <span class='ocrx_word' id='word_1_56' title='bbox 1257 995 1322 1034; x_wconf 87' lang='lat' dir='ltr'>est</span> <span class='ocrx_word' id='word_1_57' title='bbox 1352 994 1557 1034; x_wconf 71' lang='lat' dir='ltr'>mortuus.</span> 
     </span>
    </p>
   </div>
   <div class='ocr_carea' id='block_1_5' title="bbox 1383 1147 1394 1165">
    <p class='ocr_par' dir='ltr' id='par_1_6' title="bbox 1383 1147 1394 1165">
     <span class='ocr_line' id='line_1_9' title="bbox 1383 1147 1394 1165; baseline 0 0"><span class='ocrx_word' id='word_1_58' title='bbox 1383 1147 1394 1165; x_wconf 67' lang='lat' dir='ltr'>t</span> 
     </span>
    </p>
   </div>
   <div class='ocr_carea' id='block_1_6' title="bbox 272 1145 1677 1204">
    <p class='ocr_par' dir='ltr' id='par_1_7' title="bbox 272 1145 1677 1204">
     <span class='ocr_line' id='line_1_10' title="bbox 272 1145 1677 1204; baseline -0.004 -12"><span class='ocrx_word' id='word_1_59' title='bbox 272 1150 411 1192; x_wconf 78' lang='lat' dir='ltr'>Van-0</span> <span class='ocrx_word' id='word_1_60' title='bbox 445 1150 557 1204; x_wconf 86' lang='lat' dir='ltr'>apud</span> <span class='ocrx_word' id='word_1_61' title='bbox 588 1148 882 1204; x_wconf 82' lang='lat' dir='ltr'>Augustinum</span> <span class='ocrx_word' id='word_1_62' title='bbox 915 1147 964 1188; x_wconf 88' lang='lat' dir='ltr'>de</span> <span class='ocrx_word' id='word_1_63' title='bbox 998 1147 1076 1187; x_wconf 90' lang='lat' dir='ltr'>ciu.</span> <span class='ocrx_word' id='word_1_64' title='bbox 1109 1146 1175 1187; x_wconf 85' lang='lat' dir='ltr'>dei</span> <span class='ocrx_word' id='word_1_65' title='bbox 1199 1145 1263 1187; x_wconf 86' lang='lat' dir='ltr'>IV</span> <span class='ocrx_word' id='word_1_66' title='bbox 1295 1147 1350 1187; x_wconf 73' lang='lat'>22</span> <span class='ocrx_word' id='word_1_67' title='bbox 1399 1161 1449 1187; x_wconf 81' lang='lat' dir='ltr'>ex</span> <span class='ocrx_word' id='word_1_68' title='bbox 1481 1161 1530 1187; x_wconf 90' lang='lat' dir='ltr'>eo</span> <span class='ocrx_word' id='word_1_69' title='bbox 1563 1146 1677 1187; x_wconf 91' lang='lat' dir='ltr'>enim</span> 
     </span>
    </p>
   </div>
   <div class='ocr_carea' id='block_1_7' title="bbox 152 1223 1678 1435">
    <p class='ocr_par' dir='ltr' id='par_1_8' title="bbox 152 1223 1678 1435">
     <span class='ocr_line' id='line_1_11' title="bbox 152 1223 1677 1282; baseline -0.004 -13"><span class='ocrx_word' id='word_1_70' title='bbox 152 1227 405 1282; x_wconf 73' lang='lat' dir='ltr'>poterimus,</span> <span class='ocrx_word' id='word_1_71' title='bbox 436 1226 593 1281; x_wconf 68' lang='lat' dir='ltr'>inquit,</span> <span class='ocrx_word' id='word_1_72' title='bbox 626 1226 730 1266; x_wconf 84' lang='lat' dir='ltr'>scire</span> <span class='ocrx_word' id='word_1_73' title='bbox 764 1239 889 1279; x_wconf 86' lang='lat' dir='ltr'>quem</span> <span class='ocrx_word' id='word_1_74' title='bbox 921 1224 1121 1278; x_wconf 86' lang='lat' dir='ltr'>cuiusque</span> <span class='ocrx_word' id='word_1_75' title='bbox 1154 1237 1283 1264; x_wconf 87' lang='lat' dir='ltr'>causa</span> <span class='ocrx_word' id='word_1_76' title='bbox 1320 1223 1446 1264; x_wconf 89' lang='lat' dir='ltr'>deum</span> <span class='ocrx_word' id='word_1_77' title='bbox 1477 1223 1677 1264; x_wconf 83' lang='lat' dir='ltr'>inuocare</span> 
     </span>
     <span class='ocr_line' id='line_1_12' title="bbox 154 1299 1678 1359; baseline -0.003 -14"><span class='ocrx_word' id='word_1_78' title='bbox 154 1307 280 1359; x_wconf 87' lang='lat' dir='ltr'>atque</span> <span class='ocrx_word' id='word_1_79' title='bbox 313 1304 520 1345; x_wconf 86' lang='lat' dir='ltr'>aduocare</span> <span class='ocrx_word' id='word_1_80' title='bbox 554 1302 799 1343; x_wconf 85' lang='lat' dir='ltr'>debeamus:</span> <span class='ocrx_word' id='word_1_81' title='bbox 836 1315 897 1342; x_wconf 91' lang='lat' dir='ltr'>ne</span> <span class='ocrx_word' id='word_1_82' title='bbox 935 1300 1202 1354; x_wconf 75' lang='lat' dir='ltr'>faciamus,</span> <span class='ocrx_word' id='word_1_83' title='bbox 1239 1302 1294 1341; x_wconf 88' lang='lat' dir='ltr'>ut</span> <span class='ocrx_word' id='word_1_84' title='bbox 1324 1299 1460 1340; x_wconf 86' lang='lat' dir='ltr'>mimi</span> <span class='ocrx_word' id='word_1_85' title='bbox 1493 1300 1678 1354; x_wconf 80' lang='lat' dir='ltr'>solent,</span> 
     </span>
     <span class='ocr_line' id='line_1_13' title="bbox 154 1376 1527 1435; baseline -0.004 -13"><span class='ocrx_word' id='word_1_86' title='bbox 154 1384 202 1422; x_wconf 88' lang='lat' dir='ltr'>et</span> <span class='ocrx_word' id='word_1_87' title='bbox 234 1383 462 1435; x_wconf 83' lang='lat' dir='ltr'>optemus</span> <span class='ocrx_word' id='word_1_88' title='bbox 496 1395 520 1420; x_wconf 84' lang='lat' dir='ltr'>a</span> <span class='ocrx_word' id='word_1_89' title='bbox 552 1379 734 1420; x_wconf 87' lang='lat' dir='ltr'>Libero</span> <span class='ocrx_word' id='word_1_90' title='bbox 768 1393 967 1432; x_wconf 80' lang='lat' dir='ltr'>aquam,</span> <span class='ocrx_word' id='word_1_91' title='bbox 1000 1392 1024 1417; x_wconf 88' lang='lat' dir='ltr'>a</span> <span class='ocrx_word' id='word_1_92' title='bbox 1055 1376 1296 1431; x_wconf 71' lang='lat' dir='ltr'>Lymphis</span> <span class='ocrx_word' id='word_1_93' title='bbox 1329 1377 1527 1417; x_wconf 88' lang='lat' dir='ltr'>uinum.’</span> 
     </span>
    </p>
   </div>
   <div class='ocr_carea' id='block_1_8' title="bbox 883 1454 945 1496">
    <p class='ocr_par' dir='ltr' id='par_1_9' title="bbox 883 1454 945 1496">
     <span class='ocr_line' id='line_1_14' title="bbox 883 1454 945 1496; baseline -0.016 0"><span class='ocrx_word' id='word_1_94' title='bbox 883 1454 945 1496; x_wconf 84' lang='lat' dir='ltr'>IX</span> 
     </span>
    </p>
   </div>
   <div class='ocr_carea' id='block_1_9' title="bbox 275 1531 1298 1586">
    <p class='ocr_par' dir='ltr' id='par_1_10' title="bbox 275 1531 1298 1586">
     <span class='ocr_line' id='line_1_15' title="bbox 275 1531 1298 1586; baseline -0.005 -10"><span class='ocrx_word' id='word_1_95' title='bbox 275 1567 490 1577; x_wconf 90' lang='grc'><strong>......</strong></span> <span class='ocrx_word' id='word_1_96' title='bbox 523 1548 546 1575; x_wconf 96' lang='lat' dir='ltr'>o</span> <span class='ocrx_word' id='word_1_97' title='bbox 579 1533 800 1574; x_wconf 85' lang='lat' dir='ltr'>dominum</span> <span class='ocrx_word' id='word_1_98' title='bbox 833 1546 1014 1586; x_wconf 86' lang='lat' dir='ltr'>aequum</span> <span class='ocrx_word' id='word_1_99' title='bbox 1047 1532 1089 1572; x_wconf 75' lang='lat' dir='ltr'>et</span> <span class='ocrx_word' id='word_1_100' title='bbox 1119 1531 1298 1572; x_wconf 78' lang='lat' dir='ltr'>bonum!</span> 
     </span>
    </p>
   </div>
   <div class='ocr_carea' id='block_1_10' title="bbox 155 1636 1682 2347">
    <p class='ocr_par' dir='ltr' id='par_1_11' title="bbox 155 1636 1682 2347">
     <span class='ocr_line' id='line_1_16' title="bbox 244 1636 1680 1677; baseline -0.003 -4"><span class='ocrx_word' id='word_1_101' title='bbox 244 1642 392 1673; x_wconf 86' lang='lat' dir='ltr'><strong>V—VII</strong></span> <span class='ocrx_word' id='word_1_102' title='bbox 419 1641 544 1672; x_wconf 82' lang='lat' dir='ltr'>Cicero</span> <span class='ocrx_word' id='word_1_103' title='bbox 571 1640 614 1671; x_wconf 75' lang='lat' dir='ltr'>(le</span> <span class='ocrx_word' id='word_1_104' title='bbox 641 1643 731 1671; x_wconf 86' lang='lat' dir='ltr'>orat.</span> <span class='ocrx_word' id='word_1_105' title='bbox 756 1639 792 1670; x_wconf 90' lang='grc' dir='ltr'>ΙΙ</span> <span class='ocrx_word' id='word_1_106' title='bbox 817 1639 870 1677; x_wconf 84' lang='grc'>67,</span> <span class='ocrx_word' id='word_1_107' title='bbox 896 1639 961 1669; x_wconf 69' lang='lat'>‘274</span> <span class='ocrx_word' id='word_1_108' title='bbox 987 1640 1150 1669; x_wconf 73' lang='lat' dir='ltr'>‘acutum</span> <span class='ocrx_word' id='word_1_109' title='bbox 1178 1638 1289 1668; x_wconf 79' lang='lat' dir='ltr'>etiam</span> <span class='ocrx_word' id='word_1_110' title='bbox 1315 1636 1404 1668; x_wconf 89' lang='lat' dir='ltr'>illud</span> <span class='ocrx_word' id='word_1_111' title='bbox 1432 1641 1504 1677; x_wconf 85' lang='lat' dir='ltr'>est,</span> <span class='ocrx_word' id='word_1_112' title='bbox 1532 1648 1611 1669; x_wconf 88' lang='lat' dir='ltr'>cum</span> <span class='ocrx_word' id='word_1_113' title='bbox 1638 1649 1680 1669; x_wconf 87' lang='lat' dir='ltr'>ex</span> 
     </span>
     <span class='ocr_line' id='line_1_17' title="bbox 156 1682 1680 1725; baseline -0.004 -7"><span class='ocrx_word' id='word_1_114' title='bbox 156 1687 305 1718; x_wconf 83' lang='lat' dir='ltr'>alterius</span> <span class='ocrx_word' id='word_1_115' title='bbox 331 1687 495 1718; x_wconf 84' lang='lat' dir='ltr'>oratione</span> <span class='ocrx_word' id='word_1_116' title='bbox 522 1685 621 1716; x_wconf 83' lang='lat' dir='ltr'>aliud</span> <span class='ocrx_word' id='word_1_117' title='bbox 647 1685 811 1725; x_wconf 81' lang='lat' dir='ltr'>excipias</span> <span class='ocrx_word' id='word_1_118' title='bbox 843 1687 952 1724; x_wconf 84' lang='lat' dir='ltr'>atque</span> <span class='ocrx_word' id='word_1_119' title='bbox 978 1682 1040 1713; x_wconf 88' lang='lat' dir='ltr'>ille</span> <span class='ocrx_word' id='word_1_120' title='bbox 1065 1682 1168 1714; x_wconf 89' lang='lat' dir='ltr'>uult.</span> <span class='ocrx_word' id='word_1_121' title='bbox 1187 1706 1220 1713; x_wconf 91' lang='lat'>..</span> <span class='ocrx_word' id='word_1_122' title='bbox 1248 1685 1333 1713; x_wconf 89' lang='lat' dir='ltr'>sunt</span> <span class='ocrx_word' id='word_1_123' title='bbox 1359 1683 1469 1714; x_wconf 85' lang='lat' dir='ltr'>etiam</span> <span class='ocrx_word' id='word_1_124' title='bbox 1503 1683 1569 1714; x_wconf 83' lang='lat' dir='ltr'>illa</span> <span class='ocrx_word' id='word_1_125' title='bbox 1595 1684 1680 1714; x_wconf 82' lang='lat' dir='ltr'>sub-</span> 
     </span>
     <span class='ocr_line' id='line_1_18' title="bbox 156 1727 1678 1771; baseline -0.003 -8"><span class='ocrx_word' id='word_1_126' title='bbox 156 1732 330 1770; x_wconf 83' lang='lat' dir='ltr'>absurda,</span> <span class='ocrx_word' id='word_1_127' title='bbox 364 1731 424 1762; x_wconf 85' lang='lat' dir='ltr'>sed</span> <span class='ocrx_word' id='word_1_128' title='bbox 458 1741 500 1761; x_wconf 88' lang='lat' dir='ltr'>eo</span> <span class='ocrx_word' id='word_1_129' title='bbox 532 1732 611 1771; x_wconf 84' lang='lat' dir='ltr'>ipso</span> <span class='ocrx_word' id='word_1_130' title='bbox 636 1730 779 1760; x_wconf 88' lang='lat' dir='ltr'>nomine</span> <span class='ocrx_word' id='word_1_131' title='bbox 812 1739 922 1769; x_wconf 80' lang='lat' dir='ltr'>saepe</span> <span class='ocrx_word' id='word_1_132' title='bbox 950 1727 1116 1765; x_wconf 73' lang='lat' dir='ltr'>ridicula,</span> <span class='ocrx_word' id='word_1_133' title='bbox 1150 1737 1219 1758; x_wconf 92' lang='lat' dir='ltr'>non</span> <span class='ocrx_word' id='word_1_134' title='bbox 1247 1727 1360 1758; x_wconf 85' lang='lat' dir='ltr'>solum</span> <span class='ocrx_word' id='word_1_135' title='bbox 1386 1728 1525 1760; x_wconf 84' lang='lat' dir='ltr'>mimis</span> <span class='ocrx_word' id='word_1_136' title='bbox 1551 1739 1678 1769; x_wconf 80' lang='lat' dir='ltr'>perap-</span> 
     </span>
     <span class='ocr_line' id='line_1_19' title="bbox 155 1771 1680 1818; baseline -0.003 -11"><span class='ocrx_word' id='word_1_137' title='bbox 155 1777 293 1818; x_wconf 86' lang='lat' dir='ltr'>posita,</span> <span class='ocrx_word' id='word_1_138' title='bbox 322 1777 384 1807; x_wconf 83' lang='lat' dir='ltr'>sed</span> <span class='ocrx_word' id='word_1_139' title='bbox 411 1777 521 1807; x_wconf 85' lang='lat' dir='ltr'>etiam</span> <span class='ocrx_word' id='word_1_140' title='bbox 549 1774 697 1816; x_wconf 80' lang='lat' dir='ltr'>quodam</span> <span class='ocrx_word' id='word_1_141' title='bbox 725 1774 828 1804; x_wconf 83' lang='lat' dir='ltr'>modo</span> <span class='ocrx_word' id='word_1_142' title='bbox 855 1773 969 1804; x_wconf 88' lang='lat' dir='ltr'>nobis.</span> <span class='ocrx_word' id='word_1_143' title='bbox 997 1771 1116 1814; x_wconf 80' lang='lat'>[1—5]</span> <span class='ocrx_word' id='word_1_144' title='bbox 1169 1773 1290 1803; x_wconf 82' lang='lat' dir='ltr'>Genus</span> <span class='ocrx_word' id='word_1_145' title='bbox 1315 1772 1383 1804; x_wconf 86' lang='lat' dir='ltr'>hoc</span> <span class='ocrx_word' id='word_1_146' title='bbox 1414 1772 1532 1804; x_wconf 82' lang='lat' dir='ltr'>leuius</span> <span class='ocrx_word' id='word_1_147' title='bbox 1560 1776 1612 1808; x_wconf 80' lang='lat' dir='ltr'>et,</span> <span class='ocrx_word' id='word_1_148' title='bbox 1641 1777 1680 1804; x_wconf 90' lang='lat' dir='ltr'>ut</span> 
     </span>
     <span class='ocr_line' id='line_1_20' title="bbox 158 1817 1677 1861; baseline -0.003 -8"><span class='ocrx_word' id='word_1_149' title='bbox 158 1822 252 1861; x_wconf 79' lang='lat' dir='ltr'>dixi,</span> <span class='ocrx_word' id='word_1_150' title='bbox 281 1822 478 1859; x_wconf 87' lang='lat' dir='ltr'>mimicum,</span> <span class='ocrx_word' id='word_1_151' title='bbox 511 1820 576 1851; x_wconf 85' lang='lat' dir='ltr'>sed</span> <span class='ocrx_word' id='word_1_152' title='bbox 608 1820 718 1850; x_wconf 78' lang='lat' dir='ltr'>habet</span> <span class='ocrx_word' id='word_1_153' title='bbox 748 1829 819 1849; x_wconf 91' lang='lat' dir='ltr'>non</span> <span class='ocrx_word' id='word_1_154' title='bbox 851 1827 1045 1858; x_wconf 82' lang='lat' dir='ltr'>numquam</span> <span class='ocrx_word' id='word_1_155' title='bbox 1072 1817 1209 1856; x_wconf 76' lang='lat' dir='ltr'>aliquid</span> <span class='ocrx_word' id='word_1_156' title='bbox 1241 1817 1349 1848; x_wconf 83' lang='lat' dir='ltr'>etiam</span> <span class='ocrx_word' id='word_1_157' title='bbox 1384 1819 1478 1859; x_wconf 81' lang='lat' dir='ltr'>apud</span> <span class='ocrx_word' id='word_1_158' title='bbox 1504 1828 1569 1849; x_wconf 88' lang='lat' dir='ltr'>nos</span> <span class='ocrx_word' id='word_1_159' title='bbox 1594 1818 1677 1859; x_wconf 81' lang='lat' dir='ltr'>loci,</span> 
     </span>
     <span class='ocr_line' id='line_1_21' title="bbox 156 1862 1678 1905; baseline -0.003 -7"><span class='ocrx_word' id='word_1_160' title='bbox 156 1871 196 1898; x_wconf 89' lang='lat' dir='ltr'>ut</span> <span class='ocrx_word' id='word_1_161' title='bbox 220 1867 279 1898; x_wconf 91' lang='lat' dir='ltr'>uel</span> <span class='ocrx_word' id='word_1_162' title='bbox 305 1877 376 1897; x_wconf 90' lang='lat' dir='ltr'>non</span> <span class='ocrx_word' id='word_1_163' title='bbox 408 1865 544 1896; x_wconf 81' lang='lat' dir='ltr'>stultus</span> <span class='ocrx_word' id='word_1_164' title='bbox 576 1865 680 1905; x_wconf 83' lang='lat' dir='ltr'>quasi</span> <span class='ocrx_word' id='word_1_165' title='bbox 712 1863 823 1896; x_wconf 86' lang='lat' dir='ltr'>stulte</span> <span class='ocrx_word' id='word_1_166' title='bbox 857 1874 934 1894; x_wconf 83' lang='lat' dir='ltr'>cum</span> <span class='ocrx_word' id='word_1_167' title='bbox 966 1863 1044 1895; x_wconf 79' lang='lat' dir='ltr'>sale</span> <span class='ocrx_word' id='word_1_168' title='bbox 1072 1862 1170 1894; x_wconf 85' lang='lat' dir='ltr'>(licat</span> <span class='ocrx_word' id='word_1_169' title='bbox 1202 1862 1370 1902; x_wconf 83' lang='lat' dir='ltr'>aliqnid,’</span> <span class='ocrx_word' id='word_1_170' title='bbox 1420 1863 1573 1894; x_wconf 87' lang='lat' dir='ltr'>Laberii</span> <span class='ocrx_word' id='word_1_171' title='bbox 1600 1873 1678 1894; x_wconf 87' lang='lat' dir='ltr'>csse</span> 
     </span>
     <span class='ocr_line' id='line_1_22' title="bbox 156 1907 1679 1952; baseline -0.003 -9"><span class='ocrx_word' id='word_1_172' title='bbox 156 1913 200 1943; x_wconf 88' lang='lat' dir='ltr'>fr.</span> <span class='ocrx_word' id='word_1_173' title='bbox 230 1911 295 1942; x_wconf 77' lang='lat' dir='ltr'>VII</span> <span class='ocrx_word' id='word_1_174' title='bbox 321 1912 530 1952; x_wconf 84' lang='lat' dir='ltr'>suspicatur</span> <span class='ocrx_word' id='word_1_175' title='bbox 554 1909 736 1950; x_wconf 77' lang='lat' dir='ltr'>Bergkius</span> <span class='ocrx_word' id='word_1_176' title='bbox 762 1908 898 1939; x_wconf 75' lang='lat' dir='ltr'>annali.</span> <span class='ocrx_word' id='word_1_177' title='bbox 926 1907 1063 1949; x_wconf 84' lang='lat' dir='ltr'>philoll.</span> <span class='ocrx_word' id='word_1_178' title='bbox 1094 1909 1178 1939; x_wconf 71' lang='lat'>1870</span> <span class='ocrx_word' id='word_1_179' title='bbox 1205 1918 1238 1947; x_wconf 90' lang='lat' dir='ltr'>p.</span> <span class='ocrx_word' id='word_1_180' title='bbox 1264 1908 1340 1945; x_wconf 75' lang='lat'>845,</span> <span class='ocrx_word' id='word_1_181' title='bbox 1369 1911 1405 1938; x_wconf 85' lang='lat' dir='ltr'>et</span> <span class='ocrx_word' id='word_1_182' title='bbox 1432 1909 1610 1949; x_wconf 82' lang='lat' dir='ltr'>cogitauit</span> <span class='ocrx_word' id='word_1_183' title='bbox 1635 1908 1679 1938; x_wconf 88' lang='lat' dir='ltr'>de</span> 
     </span>
     <span class='ocr_line' id='line_1_23' title="bbox 157 1952 1678 1997; baseline -0.003 -10"><span class='ocrx_word' id='word_1_184' title='bbox 157 1956 318 1988; x_wconf 85' lang='lat' dir='ltr'>eiusdem</span> <span class='ocrx_word' id='word_1_185' title='bbox 342 1961 471 1997; x_wconf 78' lang='lat' dir='ltr'>poetae</span> <span class='ocrx_word' id='word_1_186' title='bbox 498 1955 612 1995; x_wconf 87' lang='lat' dir='ltr'>Aquis</span> <span class='ocrx_word' id='word_1_187' title='bbox 639 1954 752 1985; x_wconf 86' lang='lat' dir='ltr'>caldis</span> <span class='ocrx_word' id='word_1_188' title='bbox 777 1954 974 1985; x_wconf 77' lang='lat' dir='ltr'>Usenerus.</span> <span class='ocrx_word' id='word_1_189' title='bbox 1070 1952 1157 1984; x_wconf 89' lang='lat' dir='ltr'>VIII</span> <span class='ocrx_word' id='word_1_190' title='bbox 1183 1952 1318 1983; x_wconf 89' lang='lat' dir='ltr'>Ibidem</span> <span class='ocrx_word' id='word_1_191' title='bbox 1346 1952 1394 1983; x_wconf 79' lang='lat' dir='ltr'>VI</span> <span class='ocrx_word' id='word_1_192' title='bbox 1422 1955 1436 1983; x_wconf 90' lang='lat'>1</span> <span class='ocrx_word' id='word_1_193' title='bbox 1464 1956 1524 1983; x_wconf 72' lang='lat' dir='ltr'>‘ne</span> <span class='ocrx_word' id='word_1_194' title='bbox 1552 1953 1678 1984; x_wconf 81' lang='lat' dir='ltr'>absur-</span> 
     </span>
     <span class='ocr_line' id='line_1_24' title="bbox 157 1996 1682 2042; baseline -0.002 -11"><span class='ocrx_word' id='word_1_195' title='bbox 157 2002 273 2033; x_wconf 80' lang='lat' dir='ltr'>ditate</span> <span class='ocrx_word' id='word_1_196' title='bbox 299 2002 526 2042; x_wconf 81' lang='lat' dir='ltr'>turpissima,</span> <span class='ocrx_word' id='word_1_197' title='bbox 553 1999 673 2040; x_wconf 80' lang='lat' dir='ltr'>qualis</span> <span class='ocrx_word' id='word_1_198' title='bbox 698 1998 907 2030; x_wconf 75' lang='lat' dir='ltr'>ioculariter</span> <span class='ocrx_word' id='word_1_199' title='bbox 931 1998 968 2028; x_wconf 91' lang='lat' dir='ltr'>in</span> <span class='ocrx_word' id='word_1_200' title='bbox 995 1998 1099 2029; x_wconf 89' lang='lat' dir='ltr'>mimo</span> <span class='ocrx_word' id='word_1_201' title='bbox 1124 1996 1202 2028; x_wconf 88' lang='lat' dir='ltr'>fieri</span> <span class='ocrx_word' id='word_1_202' title='bbox 1229 1997 1340 2035; x_wconf 89' lang='lat' dir='ltr'>solet,</span> <span class='ocrx_word' id='word_1_203' title='bbox 1368 2001 1555 2038; x_wconf 82' lang='lat' dir='ltr'>peteretur</span> <span class='ocrx_word' id='word_1_204' title='bbox 1581 2008 1601 2028; x_wconf 85' lang='lat' dir='ltr'>a</span> <span class='ocrx_word' id='word_1_205' title='bbox 1620 1998 1682 2028; x_wconf 93' lang='lat' dir='ltr'>Li-</span> 
     </span>
     <span class='ocr_line' id='line_1_25' title="bbox 158 2042 1678 2087; baseline -0.002 -11"><span class='ocrx_word' id='word_1_206' title='bbox 158 2047 242 2078; x_wconf 85' lang='lat' dir='ltr'>bero</span> <span class='ocrx_word' id='word_1_207' title='bbox 269 2057 380 2087; x_wconf 77' lang='lat' dir='ltr'>aqua,</span> <span class='ocrx_word' id='word_1_208' title='bbox 408 2057 429 2076; x_wconf 87' lang='lat' dir='ltr'>a</span> <span class='ocrx_word' id='word_1_209' title='bbox 447 2045 622 2086; x_wconf 74' lang='lat' dir='ltr'>Lymphis</span> <span class='ocrx_word' id='word_1_210' title='bbox 640 2045 761 2075; x_wconf 88' lang='lat' dir='ltr'>uinum</span> <span class='ocrx_word' id='word_1_211' title='bbox 785 2067 793 2074; x_wconf 86' lang='lat'><strong>.</strong></span> <span class='ocrx_word' id='word_1_212' title='bbox 809 2070 815 2076; x_wconf 91' lang='lat'><strong><em>.</em></strong></span> <span class='ocrx_word' id='word_1_213' title='bbox 834 2067 842 2074; x_wconf 94' lang='lat'><strong>.</strong></span> <span class='ocrx_word' id='word_1_214' title='bbox 860 2043 953 2083; x_wconf 85' lang='lat' dir='ltr'>quod</span> <span class='ocrx_word' id='word_1_215' title='bbox 980 2053 1057 2074; x_wconf 89' lang='lat' dir='ltr'>cum</span> <span class='ocrx_word' id='word_1_216' title='bbox 1076 2042 1114 2073; x_wconf 79' lang='lat' dir='ltr'>fit</span> <span class='ocrx_word' id='word_1_217' title='bbox 1133 2043 1177 2074; x_wconf 86' lang='lat' dir='ltr'>ab</span> <span class='ocrx_word' id='word_1_218' title='bbox 1197 2042 1398 2073; x_wconf 79' lang='lat' dir='ltr'>scientibus</span> <span class='ocrx_word' id='word_1_219' title='bbox 1416 2043 1544 2081; x_wconf 83' lang='lat' dir='ltr'>mimis,</span> <span class='ocrx_word' id='word_1_220' title='bbox 1571 2043 1678 2084; x_wconf 84' lang='lat' dir='ltr'>digne</span> 
     </span>
     <span class='ocr_line' id='line_1_26' title="bbox 157 2087 1681 2129; baseline -0.003 -7"><span class='ocrx_word' id='word_1_221' title='bbox 157 2091 322 2122; x_wconf 85' lang='lat' dir='ltr'>ridentur</span> <span class='ocrx_word' id='word_1_222' title='bbox 346 2091 382 2122; x_wconf 93' lang='lat' dir='ltr'>in</span> <span class='ocrx_word' id='word_1_223' title='bbox 407 2091 579 2122; x_wconf 80' lang='lat' dir='ltr'>theatro.’</span> <span class='ocrx_word' id='word_1_224' title='bbox 672 2088 724 2120; x_wconf 89' lang='lat' dir='ltr'>IX</span> <span class='ocrx_word' id='word_1_225' title='bbox 750 2089 945 2120; x_wconf 80' lang='lat' dir='ltr'>Suetonius</span> <span class='ocrx_word' id='word_1_226' title='bbox 973 2088 1052 2121; x_wconf 76' lang='lat' dir='ltr'>Oct.</span> <span class='ocrx_word' id='word_1_227' title='bbox 1079 2090 1120 2119; x_wconf 84' lang='lat'>53</span> <span class='ocrx_word' id='word_1_228' title='bbox 1147 2087 1299 2118; x_wconf 75' lang='lat' dir='ltr'>‘domini</span> <span class='ocrx_word' id='word_1_229' title='bbox 1332 2087 1617 2129; x_wconf 84' lang='lat' dir='ltr'>appellationem</span> <span class='ocrx_word' id='word_1_230' title='bbox 1643 2092 1681 2118; x_wconf 85' lang='lat' dir='ltr'>ut</span> 
     </span>
     <span class='ocr_line' id='line_1_27' title="bbox 159 2133 1680 2177; baseline -0.003 -10"><span class='ocrx_word' id='word_1_231' title='bbox 159 2136 393 2167; x_wconf 84' lang='lat' dir='ltr'>maledictum</span> <span class='ocrx_word' id='word_1_232' title='bbox 425 2140 461 2167; x_wconf 84' lang='lat' dir='ltr'>et</span> <span class='ocrx_word' id='word_1_233' title='bbox 491 2135 722 2177; x_wconf 85' lang='lat' dir='ltr'>opprobrium</span> <span class='ocrx_word' id='word_1_234' title='bbox 755 2144 896 2175; x_wconf 82' lang='lat' dir='ltr'>semper</span> <span class='ocrx_word' id='word_1_235' title='bbox 928 2133 1124 2164; x_wconf 80' lang='lat' dir='ltr'>exhorruit.</span> <span class='ocrx_word' id='word_1_236' title='bbox 1174 2143 1251 2163; x_wconf 89' lang='lat' dir='ltr'>cum</span> <span class='ocrx_word' id='word_1_237' title='bbox 1285 2136 1469 2173; x_wconf 82' lang='lat' dir='ltr'>spectante</span> <span class='ocrx_word' id='word_1_238' title='bbox 1503 2143 1543 2163; x_wconf 86' lang='lat' dir='ltr'>eo</span> <span class='ocrx_word' id='word_1_239' title='bbox 1576 2133 1680 2163; x_wconf 79' lang='lat' dir='ltr'>ludos</span> 
     </span>
     <span class='ocr_line' id='line_1_28' title="bbox 158 2179 1679 2222; baseline -0.003 -10"><span class='ocrx_word' id='word_1_240' title='bbox 158 2182 427 2222; x_wconf 85' lang='lat' dir='ltr'>pronuntiatum</span> <span class='ocrx_word' id='word_1_241' title='bbox 453 2185 549 2212; x_wconf 85' lang='lat' dir='ltr'>esset</span> <span class='ocrx_word' id='word_1_242' title='bbox 580 2181 616 2210; x_wconf 88' lang='lat' dir='ltr'>in</span> <span class='ocrx_word' id='word_1_243' title='bbox 642 2180 766 2210; x_wconf 89' lang='lat' dir='ltr'>mimo:</span> <span class='ocrx_word' id='word_1_244' title='bbox 799 2190 817 2210; x_wconf 96' lang='lat'>0</span> <span class='ocrx_word' id='word_1_245' title='bbox 845 2179 1077 2209; x_wconf 84' lang='lat' dir='ltr'>dominum’</span> <span class='ocrx_word' id='word_1_246' title='bbox 1105 2188 1133 2212; x_wconf 69' lang='lat' dir='ltr'>c.</span> <span class='ocrx_word' id='word_1_247' title='bbox 1161 2187 1194 2218; x_wconf 89' lang='lat' dir='ltr'>q.</span> <span class='ocrx_word' id='word_1_248' title='bbox 1222 2188 1249 2208; x_wconf 90' lang='lat' dir='ltr'>s.</span> <span class='ocrx_word' id='word_1_249' title='bbox 1307 2180 1360 2208; x_wconf 85' lang='lat' dir='ltr'>‘et</span> <span class='ocrx_word' id='word_1_250' title='bbox 1386 2179 1547 2209; x_wconf 77' lang='lat' dir='ltr'>uniuersi</span> <span class='ocrx_word' id='word_1_251' title='bbox 1575 2179 1679 2219; x_wconf 72' lang='lat' dir='ltr'>quusi</span> 
     </span>
     <span class='ocr_line' id='line_1_29' title="bbox 160 2222 1680 2267; baseline -0.003 -10"><span class='ocrx_word' id='word_1_252' title='bbox 160 2226 203 2257; x_wconf 81' lang='lat' dir='ltr'>‹le</span> <span class='ocrx_word' id='word_1_253' title='bbox 230 2227 307 2267; x_wconf 81' lang='lat' dir='ltr'>ipso</span> <span class='ocrx_word' id='word_1_254' title='bbox 333 2226 467 2256; x_wconf 79' lang='lat' dir='ltr'>(lictum</span> <span class='ocrx_word' id='word_1_255' title='bbox 488 2225 694 2256; x_wconf 82' lang='lat' dir='ltr'>exultantes</span> <span class='ocrx_word' id='word_1_256' title='bbox 713 2224 1019 2265; x_wconf 82' lang='lat' dir='ltr'>comprobassent,</span> <span class='ocrx_word' id='word_1_257' title='bbox 1046 2227 1082 2253; x_wconf 89' lang='lat' dir='ltr'>et</span> <span class='ocrx_word' id='word_1_258' title='bbox 1107 2223 1232 2254; x_wconf 81' lang='lat' dir='ltr'>statim</span> <span class='ocrx_word' id='word_1_259' title='bbox 1251 2233 1359 2253; x_wconf 88' lang='lat' dir='ltr'>manu</span> <span class='ocrx_word' id='word_1_260' title='bbox 1377 2222 1553 2264; x_wconf 86' lang='lat' dir='ltr'>uultuque</span> <span class='ocrx_word' id='word_1_261' title='bbox 1584 2223 1680 2254; x_wconf 73' lang='lat' dir='ltr'>infle-</span> 
     </span>
     <span class='ocr_line' id='line_1_30' title="bbox 159 2268 1680 2311; baseline -0.003 -9"><span class='ocrx_word' id='word_1_262' title='bbox 159 2282 262 2303; x_wconf 85' lang='lat' dir='ltr'>coras</span> <span class='ocrx_word' id='word_1_263' title='bbox 289 2270 518 2302; x_wconf 79' lang='lat' dir='ltr'>adulationes</span> <span class='ocrx_word' id='word_1_264' title='bbox 536 2270 711 2311; x_wconf 70' lang='lat' dir='ltr'>repressit</span> <span class='ocrx_word' id='word_1_265' title='bbox 729 2274 764 2299; x_wconf 88' lang='lat' dir='ltr'>et</span> <span class='ocrx_word' id='word_1_266' title='bbox 784 2269 992 2309; x_wconf 85' lang='lat' dir='ltr'>insequenti</span> <span class='ocrx_word' id='word_1_267' title='bbox 1019 2268 1075 2299; x_wconf 83' lang='lat' dir='ltr'>(lie</span> <span class='ocrx_word' id='word_1_268' title='bbox 1095 2268 1312 2309; x_wconf 82' lang='lat' dir='ltr'>grauissimo</span> <span class='ocrx_word' id='word_1_269' title='bbox 1332 2268 1507 2309; x_wconf 83' lang='lat' dir='ltr'>corripuit</span> <span class='ocrx_word' id='word_1_270' title='bbox 1533 2268 1680 2302; x_wconf 77' lang='lat' dir='ltr'>e«licto.’</span> 
     </span>
     <span class='ocr_line' id='line_1_31' title="bbox 158 2314 726 2347; baseline -0.005 0"><span class='ocrx_word' id='word_1_271' title='bbox 158 2317 257 2347; x_wconf 91' lang='lat' dir='ltr'>Idem</span> <span class='ocrx_word' id='word_1_272' title='bbox 283 2319 409 2347; x_wconf 85' lang='lat' dir='ltr'>narrat</span> <span class='ocrx_word' id='word_1_273' title='bbox 434 2315 584 2347; x_wconf 77' lang='lat' dir='ltr'>Orosius</span> <span class='ocrx_word' id='word_1_274' title='bbox 610 2314 659 2346; x_wconf 87' lang='lat' dir='ltr'>VI</span> <span class='ocrx_word' id='word_1_275' title='bbox 684 2316 726 2345; x_wconf 68' lang='lat'>22</span> 
     </span>
    </p>
   </div>
   <div class='ocr_carea' id='block_1_11' title="bbox 161 2426 1682 2927">
    <p class='ocr_par' dir='ltr' id='par_1_12' title="bbox 161 2426 1681 2533">
     <span class='ocr_line' id='line_1_32' title="bbox 276 2426 1681 2475; baseline -0.002 -11"><span class='ocrx_word' id='word_1_276' title='bbox 276 2430 295 2464; x_wconf 93' lang='lat'>1</span> <span class='ocrx_word' id='word_1_277' title='bbox 328 2440 383 2475; x_wconf 80' lang='lat' dir='ltr'>sq.</span> <span class='ocrx_word' id='word_1_278' title='bbox 416 2429 534 2464; x_wconf 71' lang='lat' dir='ltr'>fatuus</span> <span class='ocrx_word' id='word_1_279' title='bbox 565 2428 671 2463; x_wconf 80' lang='lat' dir='ltr'>homo</span> <span class='ocrx_word' id='word_1_280' title='bbox 703 2430 741 2463; x_wconf 77' lang='lat' dir='ltr'>in</span> <span class='ocrx_word' id='word_1_281' title='bbox 771 2429 982 2473; x_wconf 74' lang='lat' dir='ltr'>septenarii</span> <span class='ocrx_word' id='word_1_282' title='bbox 1000 2429 1103 2462; x_wconf 79' lang='lat' dir='ltr'>initio</span> <span class='ocrx_word' id='word_1_283' title='bbox 1125 2428 1276 2472; x_wconf 81' lang='lat' dir='ltr'>scripsi.</span> <span class='ocrx_word' id='word_1_284' title='bbox 1310 2426 1416 2461; x_wconf 88' lang='lat' dir='ltr'>homo</span> <span class='ocrx_word' id='word_1_285' title='bbox 1442 2426 1559 2460; x_wconf 68' lang='lat' dir='ltr'>fatuus</span> <span class='ocrx_word' id='word_1_286' title='bbox 1580 2426 1681 2472; x_wconf 71' lang='lat' dir='ltr'>libri,</span> 
     </span>
     <span class='ocr_line' id='line_1_33' title="bbox 161 2483 1681 2533; baseline -0.003 -12"><span class='ocrx_word' id='word_1_287' title='bbox 161 2487 262 2533; x_wconf 75' lang='lat' dir='ltr'>quod</span> <span class='ocrx_word' id='word_1_288' title='bbox 289 2487 432 2521; x_wconf 78' lang='lat' dir='ltr'>lacuna</span> <span class='ocrx_word' id='word_1_289' title='bbox 464 2486 632 2520; x_wconf 78' lang='lat' dir='ltr'>indicata</span> <span class='ocrx_word' id='word_1_290' title='bbox 672 2486 756 2519; x_wconf 84' lang='lat' dir='ltr'>olim</span> <span class='ocrx_word' id='word_1_291' title='bbox 792 2486 937 2530; x_wconf 80' lang='lat' dir='ltr'>prioris</span> <span class='ocrx_word' id='word_1_292' title='bbox 974 2485 1122 2518; x_wconf 79' lang='lat' dir='ltr'>senarii</span> <span class='ocrx_word' id='word_1_293' title='bbox 1155 2483 1326 2529; x_wconf 81' lang='lat' dir='ltr'>frustum</span> <span class='ocrx_word' id='word_1_294' title='bbox 1357 2493 1439 2517; x_wconf 81' lang='lat' dir='ltr'>esse</span> <span class='ocrx_word' id='word_1_295' title='bbox 1469 2483 1681 2517; x_wconf 71' lang='lat' dir='ltr'>statuebam</span> 
     </span>
    </p>

    <p class='ocr_par' dir='ltr' id='par_1_13' title="bbox 161 2539 1681 2640">
     <span class='ocr_line' id='line_1_34' title="bbox 274 2539 1680 2585; baseline -0.003 -9"><span class='ocrx_word' id='word_1_296' title='bbox 274 2547 458 2576; x_wconf 68' lang='lat' dir='ltr'>emortuus</span> <span class='ocrx_word' id='word_1_297' title='bbox 492 2541 694 2576; x_wconf 73' lang='lat' dir='ltr'>Lambinus</span> <span class='ocrx_word' id='word_1_298' title='bbox 724 2546 887 2575; x_wconf 78' lang='lat' dir='ltr'>mortuus</span> <span class='ocrx_word' id='word_1_299' title='bbox 917 2541 1007 2575; x_wconf 82' lang='lat' dir='ltr'>libri</span> <span class='ocrx_word' id='word_1_300' title='bbox 1120 2539 1142 2575; x_wconf 83' lang='lat'>3</span> <span class='ocrx_word' id='word_1_301' title='bbox 1175 2550 1230 2585; x_wconf 80' lang='lat' dir='ltr'>sq.</span> <span class='ocrx_word' id='word_1_302' title='bbox 1263 2539 1446 2584; x_wconf 77' lang='lat' dir='ltr'>disposuit</span> <span class='ocrx_word' id='word_1_303' title='bbox 1484 2543 1518 2573; x_wconf 81' lang='lat' dir='ltr'>et</span> <span class='ocrx_word' id='word_1_304' title='bbox 1558 2540 1680 2583; x_wconf 59' lang='lat' dir='ltr'>empli-</span> 
     </span>
     <span class='ocr_line' id='line_1_35' title="bbox 161 2595 1681 2640; baseline -0.003 -6"><span class='ocrx_word' id='word_1_305' title='bbox 161 2600 267 2634; x_wconf 75' lang='lat' dir='ltr'>cauit</span> <span class='ocrx_word' id='word_1_306' title='bbox 296 2598 565 2633; x_wconf 74' lang='lat' dir='ltr'>Lachmannus</span> <span class='ocrx_word' id='word_1_307' title='bbox 594 2599 631 2632; x_wconf 80' lang='lat' dir='ltr'>in</span> <span class='ocrx_word' id='word_1_308' title='bbox 662 2597 776 2632; x_wconf 84' lang='lat' dir='ltr'>Lucr.</span> <span class='ocrx_word' id='word_1_309' title='bbox 808 2595 886 2631; x_wconf 81' lang='lat'>227</span> <span class='ocrx_word' id='word_1_310' title='bbox 1034 2595 1134 2630; x_wconf 69' lang='lat' dir='ltr'>uxori</span> <span class='ocrx_word' id='word_1_311' title='bbox 1167 2596 1249 2629; x_wconf 81' lang='lat' dir='ltr'>Erl.</span> <span class='ocrx_word' id='word_1_312' title='bbox 1283 2596 1315 2637; x_wconf 83' lang='lat' dir='ltr'>b,</span> <span class='ocrx_word' id='word_1_313' title='bbox 1351 2595 1498 2640; x_wconf 66' lang='lat' dir='ltr'>Laqom.</span> <span class='ocrx_word' id='word_1_314' title='bbox 1539 2596 1681 2640; x_wconf 73' lang='lat' dir='ltr'>aliqewt</span> 
     </span>
    </p>

    <p class='ocr_par' dir='ltr' id='par_1_14' title="bbox 163 2650 1682 2927">
     <span class='ocr_line' id='line_1_36' title="bbox 274 2650 1680 2699; baseline -0.004 -10"><span class='ocrx_word' id='word_1_315' title='bbox 274 2653 298 2689; x_wconf 83' lang='lat'>5</span> <span class='ocrx_word' id='word_1_316' title='bbox 331 2654 358 2689; x_wconf 86' lang='lat' dir='ltr'>is</span> <span class='ocrx_word' id='word_1_317' title='bbox 390 2655 534 2696; x_wconf 74' lang='lat' dir='ltr'>addidi,</span> <span class='ocrx_word' id='word_1_318' title='bbox 567 2665 634 2688; x_wconf 85' lang='lat' dir='ltr'>om.</span> <span class='ocrx_word' id='word_1_319' title='bbox 665 2654 753 2688; x_wconf 80' lang='lat' dir='ltr'>libri</span> <span class='ocrx_word' id='word_1_320' title='bbox 865 2652 960 2699; x_wconf 86' lang='lat' dir='ltr'>quod</span> <span class='ocrx_word' id='word_1_321' title='bbox 992 2651 1051 2686; x_wconf 85' lang='lat' dir='ltr'>‹liu</span> <span class='ocrx_word' id='word_1_322' title='bbox 1082 2652 1175 2697; x_wconf 69' lang='lat' dir='ltr'>Laq.</span> <span class='ocrx_word' id='word_1_323' title='bbox 1206 2651 1243 2686; x_wconf 77' lang='lat'>2.</span> <span class='ocrx_word' id='word_1_324' title='bbox 1275 2650 1326 2685; x_wconf 77' lang='lat'>36</span> <span class='ocrx_word' id='word_1_325' title='bbox 1443 2661 1566 2696; x_wconf 80' lang='lat' dir='ltr'>aquam</span> <span class='ocrx_word' id='word_1_326' title='bbox 1590 2650 1680 2695; x_wconf 63' lang='lat' dir='ltr'>Lag).</span> 
     </span>
     <span class='ocr_line' id='line_1_37' title="bbox 164 2707 1682 2755; baseline -0.003 -10"><span class='ocrx_word' id='word_1_327' title='bbox 164 2709 200 2745; x_wconf 84' lang='lat'>2.</span> <span class='ocrx_word' id='word_1_328' title='bbox 233 2710 285 2747; x_wconf 80' lang='lat'>36</span> <span class='ocrx_word' id='word_1_329' title='bbox 402 2710 587 2745; x_wconf 78' lang='lat' dir='ltr'>Fortasse</span> <span class='ocrx_word' id='word_1_330' title='bbox 618 2720 689 2743; x_wconf 89' lang='lat' dir='ltr'>non</span> <span class='ocrx_word' id='word_1_331' title='bbox 723 2719 887 2755; x_wconf 78' lang='lat' dir='ltr'>umquam</span> <span class='ocrx_word' id='word_1_332' title='bbox 920 2712 986 2743; x_wconf 79' lang='lat' dir='ltr'>aut</span> <span class='ocrx_word' id='word_1_333' title='bbox 1013 2719 1087 2753; x_wconf 72' lang='lat' dir='ltr'>pro</span> <span class='ocrx_word' id='word_1_334' title='bbox 1108 2709 1172 2742; x_wconf 82' lang='lat' dir='ltr'>illo</span> <span class='ocrx_word' id='word_1_335' title='bbox 1206 2707 1272 2741; x_wconf 86' lang='lat' dir='ltr'>suit</span> <span class='ocrx_word' id='word_1_336' title='bbox 1293 2708 1353 2741; x_wconf 78' lang='lat' dir='ltr'>uel</span> <span class='ocrx_word' id='word_1_337' title='bbox 1385 2707 1474 2741; x_wconf 76' lang='lat' dir='ltr'>uixit</span> <span class='ocrx_word' id='word_1_338' title='bbox 1495 2707 1556 2741; x_wconf 75' lang='lat' dir='ltr'>uel</span> <span class='ocrx_word' id='word_1_339' title='bbox 1586 2717 1682 2741; x_wconf 81' lang='lat' dir='ltr'>man-</span> 
     </span>
     <span class='ocr_line' id='line_1_38' title="bbox 163 2761 1681 2809; baseline -0.002 -9"><span class='ocrx_word' id='word_1_340' title='bbox 163 2767 210 2801; x_wconf 77' lang='lat' dir='ltr'>sit</span> <span class='ocrx_word' id='word_1_341' title='bbox 239 2767 478 2802; x_wconf 81' lang='lat' dir='ltr'>scribemlmn</span> <span class='ocrx_word' id='word_1_342' title='bbox 594 2770 756 2800; x_wconf 77' lang='lat' dir='ltr'>mortuus</span> <span class='ocrx_word' id='word_1_343' title='bbox 795 2766 885 2800; x_wconf 80' lang='lat' dir='ltr'>libri</span> <span class='ocrx_word' id='word_1_344' title='bbox 921 2769 1104 2798; x_wconf 77' lang='lat' dir='ltr'>emortuus</span> <span class='ocrx_word' id='word_1_345' title='bbox 1142 2763 1346 2798; x_wconf 78' lang='lat' dir='ltr'>Lambinus</span> <span class='ocrx_word' id='word_1_346' title='bbox 1479 2773 1582 2809; x_wconf 79' lang='lat' dir='ltr'>quam</span> <span class='ocrx_word' id='word_1_347' title='bbox 1621 2761 1681 2797; x_wconf 84' lang='lat' dir='ltr'>(liu</span> 
     </span>
     <span class='ocr_line' id='line_1_39' title="bbox 163 2814 1682 2870; baseline -0.003 -13"><span class='ocrx_word' id='word_1_348' title='bbox 163 2823 204 2857; x_wconf 81' lang='lat' dir='ltr'>ad</span> <span class='ocrx_word' id='word_1_349' title='bbox 235 2833 343 2870; x_wconf 78' lang='lat' dir='ltr'>aquas</span> <span class='ocrx_word' id='word_1_350' title='bbox 375 2822 414 2868; x_wconf 66' lang='lat'>11,</span> <span class='ocrx_word' id='word_1_351' title='bbox 446 2832 639 2869; x_wconf 79' lang='lat' dir='ltr'>numquam</span> <span class='ocrx_word' id='word_1_352' title='bbox 662 2822 848 2868; x_wconf 83' lang='lat' dir='ltr'>quisquam</span> <span class='ocrx_word' id='word_1_353' title='bbox 881 2818 961 2866; x_wconf 70' lang='lat' dir='ltr'>(iste</span> <span class='ocrx_word' id='word_1_354' title='bbox 983 2830 1174 2866; x_wconf 83' lang='lat' dir='ltr'>numquam</span> <span class='ocrx_word' id='word_1_355' title='bbox 1197 2814 1472 2867; x_wconf 81' lang='lat' dir='ltr'>Buechelerus)</span> <span class='ocrx_word' id='word_1_356' title='bbox 1505 2823 1560 2854; x_wconf 85' lang='lat' dir='ltr'>est</span> <span class='ocrx_word' id='word_1_357' title='bbox 1588 2829 1682 2854; x_wconf 85' lang='lat' dir='ltr'>mor-</span> 
     </span>
     <span class='ocr_line' id='line_1_40' title="bbox 166 2875 1141 2927; baseline -0.003 -13"><span class='ocrx_word' id='word_1_358' title='bbox 166 2884 249 2914; x_wconf 84' lang='lat' dir='ltr'>tuus</span> <span class='ocrx_word' id='word_1_359' title='bbox 271 2879 463 2927; x_wconf 75' lang='lat' dir='ltr'>Berylcius</span> <span class='ocrx_word' id='word_1_360' title='bbox 493 2880 640 2914; x_wconf 81' lang='grc' dir='ltr'><em>αηηαῖἰ.</em></span> <span class='ocrx_word' id='word_1_361' title='bbox 670 2878 815 2924; x_wconf 76' lang='lat' dir='ltr'>plez&#39;lotl.</span> <span class='ocrx_word' id='word_1_362' title='bbox 850 2876 957 2912; x_wconf 82' lang='lat'>1870</span> <span class='ocrx_word' id='word_1_363' title='bbox 981 2887 1024 2922; x_wconf 81' lang='lat' dir='ltr'>p.</span> <span class='ocrx_word' id='word_1_364' title='bbox 1048 2875 1141 2912; x_wconf 79' lang='lat'>845.</span> 
     </span>
    </p>
   </div>
  </div>
 </body>
</html>
