2023 3287
839 247 1074 283 ADDENDA
1598 244 1714 280 CXXI

322 357 403 398 146
418 369 612 410 operaque
631 369 819 409 omenque
838 355 1012 408 adprobo
1026 354 1236 410 Bergkius
1251 354 1404 396 Philol.
1416 352 1604 395 XXXIII
1617 353 1715 395 295.

315 427 471 469 Versui
514 428 596 469 152
642 427 787 468 addita.
828 441 927 467 crux
968 428 1111 466 manet
1153 427 1283 467 etiam
1324 427 1423 479 post
1464 423 1716 466 Baehrensii

197 500 501 552 coniecturam,
534 513 615 552 qua
648 498 719 538 ille
751 497 823 538 1.1.
844 497 929 538 622
962 495 1090 548 ‘flexu
1121 497 1190 537 ille
1220 510 1328 538 caeco
1360 510 1399 538 se
1419 493 1714 537 contenderet’

196 570 438 625 proposuit,
477 569 521 609 in
559 569 712 622 quibus
743 568 898 608 flexum
931 582 1101 608 caecum
1135 567 1336 607 obscuras
1369 566 1597 607 verborum
1629 580 1715 606 am-

196 641 328 695 bages
363 640 603 694 significare
636 654 760 693 posse
794 638 948 679 adlatis
982 638 1186 691 exemplis
1217 652 1303 678 non
1335 637 1547 691 probavit.

318 711 400 752 153
434 725 494 763 sq.
557 709 637 759 Qui
670 709 892 751 Luciliana
924 711 1023 762 post
1053 707 1376 748 Laclnnannum
1410 705 1482 753 (ad
1515 706 1635 748 Lucr.
1655 706 1715 748 IV

199 780 302 837 (324)
342 796 429 822 non
461 781 721 835 emendavit,
764 780 836 821 sed
870 780 1110 833 inquinavit
1144 779 1273 818 etiam
1305 777 1592 818 Pacuvianam
1625 791 1716 817 sen-

196 853 377 894 tentiam
408 852 705 906 planissimam
738 866 848 892 novo
882 865 930 891 cx
964 852 1084 905 parte
1111 850 1351 889 commento
1372 848 1601 902 temptavit
1620 847 1718 888 hoc:

195 924 240 964 cit
275 924 312 965 si
349 926 465 963 tanta-
501 927 598 964 sunt
628 923 853 975 promerita
886 925 1038 970 vestrm
1077 920 1122 961 in
1154 919 1347 972 sequenti
1380 934 1428 972 v.‚
1460 918 1532 958 ubi
1566 918 1717 959 saltem

193 1008 356 1047 peream
391 1008 514 1035 suum
546 993 815 1047 retractavit>
848 992 1024 1033 retinuit
1055 993 1199 1032 tamen
1220 989 1451 1031 absurdum
1472 989 1586 1030 istud
1606 987 1719 1043 quod

198 1065 361 1106 invenit
390 1065 455 1105 sin
481 1077 687 1117 umquam.

320 1136 402 1176 172
434 1134 630 1175 Iambum
663 1135 707 1175 in
737 1134 1004 1188 paenultimo
1038 1131 1143 1187 pede
1176 1131 1370 1185 exempla
1390 1132 1581 1184 tuentur,
1614 1144 1720 1184 quae

198 1206 374 1261 collegit
404 1205 545 1247 Luchs
577 1206 622 1246 in
653 1207 835 1259 quaestt.
868 1207 989 1245 metr.
1022 1220 1061 1258 p.
1090 1204 1154 1244 14.
1219 1202 1370 1243 Graios
1403 1202 1601 1242 retinerem
1635 1201 1721 1241 iam

198 1276 413 1317 Mercerus
446 1276 696 1318 coniecerat.

320 1347 560 1389 197—201
597 1345 872 1401 Septenarios
905 1344 1148 1386 horridulos
1181 1343 1392 1398 Bergkius
1431 1343 1474 1383 111
1505 1341 1721 1397 Philologi

198 1416 341 1459 XXXI
373 1418 459 1459 240
493 1433 551 1472 sq.
584 1417 808 1459 constituit
838 1417 984 1457 hosce:

318 1489 473 1543 111-(1191,
504 1491 546 1530 19
580 1489 768 1543 appello,
801 1503 907 1541 quae
940 1501 973 1527 c.
1007 1501 1037 1527 8.
1070 1500 1277 1539 suspenso
1310 1485 1445 1538 levas,

320 1560 454 1613 neque
485 1562 526 1600 te
552 1560 634 1600 mei
655 1559 845 1600 miseret:
877 1557 984 1608 lacus,
1015 1557 1171 1609 surrey&
1190 1558 1232 1597 et
1253 1555 1385 1610 sepeli
1405 1557 1570 1609 natum,
1602 1554 1721 1608 prius

321 1631 449 1683 qil-<im
480 1630 595 1671 ferae
628 1631 903 1682 volucresque
936 1660 943 1668 .
976 1661 984 1668 .

318 1702 401 1741 11911
433 1701 633 1755 reliquias
668 1701 728 1741 sic
760 1714 876 1740 meas
910 1698 1032 1740 sireis
1066 1697 1103 1739 d.
1136 1711 1173 1739 o.

319 1772 395 1824 pe'r
425 1771 594 1812 lmmum
627 1786 657 1812 s,
691 1772 728 1812 d.
758 1771 785 1811 f.
819 1771 856 1811 d.

320 1842 404 1882 218
438 1839 593 1895 Spreta
624 1841 875 1882 Buecheleri
915 1839 1209 1880 emendatione
1241 1838 1401 1879 bonum
1434 1838 1724 1893 septenarium

203 1910 414 1967 Bergkius
446 1911 600 1954 Philol.
632 1911 818 1953 XXXIII
850 1911 935 1952 260
968 1910 1165 1951 dissolvit
1198 1909 1277 1950 sic:

836 1980 996 2023 accessi
1027 1980 1118 2021 here
1143 1979 1194 2033 (s.
1219 1979 1322 2034 herz)

486 2053 622 2106 Aeam
654 2055 696 2094 et
727 2053 949 2096 tonsillam
980 2067 1021 2106 p.
1051 2051 1079 2093 1.
1110 2051 1154 2091 111
1184 2051 1212 2092 1.

322 2123 407 2165 244
421 2124 511 2165 cedo
526 2126 790 2177 tumnpedem
804 2124 971 2176 limnpe‘s
986 2120 1257 2163 commendat
1267 2120 1480 2175 Bergkius
1493 2119 1555 2162 1.1.
1567 2119 1652 2162 305
1664 2119 1724 2161 eis

206 2193 343 2248 credo,
371 2193 457 2248 ‘qui
479 2193 616 2236 Obsce
644 2197 686 2236 et
704 2194 861 2237 Volsce
881 2193 1141 2246 fabulantur,
1174 2206 1303 2246 quom
1322 2190 1476 2233 Latine
1495 2189 1727 2232 nesciunt'.

324 2264 407 2305 256
441 2278 529 2318 sqq.
579 2263 852 2319 Anapaestos
893 2278 999 2318 quos
1038 2263 1210 2305 deamat
1246 2262 1406 2304 liberos
1438 2261 1519 2304 hos
1559 2260 1726 2303 effinxit

207 2333 418 2389 Bergkius
450 2334 477 2375 l.
508 2334 535 2375 l.
567 2335 675 2377 287:

634 2405 942 2460 pedetemptim
973 2405 1032 2447 ite
1064 2407 1107 2445 et
1139 2404 1286 2446 sedato

635 2476 749 2531 nisu,
779 2491 834 2517 ne
866 2490 1069 2517 succussu
1100 2474 1280 2530 arripiat

636 2546 774 2587 maior
804 2546 938 2588 dolor.

209 2617 362 2672 quibus
396 2616 545 2658 statim
578 2616 779 2672 subiungi
809 2617 904 2658 vult
934 2631 972 2657 v.
1004 2615 1088 2658 259
1123 2631 1212 2670 sqq.
1245 2615 1305 2657 sic
1338 2612 1592 2671 distributam}

701 2687 787 2728 heu.
814 2685 905 2729 CH.
934 2688 983 2727 tu
1015 2701 1180 2740 quoque
1210 2684 1376 2741 Ulixes,

491 2772 748 2813 quamquam
781 2757 971 2813 graviter
1002 2756 1214 2798 cernimus
1246 2756 1397 2811 ictum,

490 2828 618 2869 nimis
651 2842 785 2882 paene
819 2827 961 2869 animo
995 2841 1039 2868 cs
1072 2827 1209 2881 molli7
1241 2826 1314 2881 qui
1344 2827 1401 2868 sis

492 2901 718 2941 consuetus
752 2898 796 2939 in
828 2898 958 2939 armis
991 2912 1105 2952 aycrc
1135 2911 1288 2941 clevum.
