2023 3287
823 292 1000 326 Novlvs
1585 289 1666 331 267

728 395 946 438 PHOENI
953 395 1092 439 SSAE

269 474 396 517 Sume
430 474 564 529 {ti-ma,
596 474 680 515 iam
712 475 753 515 ‘te
787 472 975 515 occidam
1008 474 1129 516 claua
1161 471 1336 528 scirpea.

830 567 995 610 PICVS

179 649 235 690 So
268 645 377 696 Quid
411 659 489 700 ego
522 645 735 687 facerem?
769 642 848 701 [ut]
884 645 1010 686 otiosi
1041 645 1242 687 rodebam
1275 645 1531 686 rutabulum.

763 733 1052 782 QVAESTIO

173 816 255 856 81ίέ
270 812 479 854 Mammas
511 813 677 865 teneas,
709 810 836 866 pedes
869 811 1064 866 extollas,
1097 811 1253 865 sziuies,
1287 810 1596 867 congenicules.

742 898 1072 941 SANNIONES

266 975 419 1021 'Inlino
453 978 610 1020 cretam
643 991 856 1019 cerussam
888 977 1183 1031 purpurissum

797 1064 1024 1108 SVRDVS

1279 1123 1395 1166 filias

177 1204 232 1246 85
267 1202 433 1261 [Binas]
467 1203 605 1245 habeo
637 1203 911 1257 temulentas,
944 1202 1016 1244 sed
1049 1216 1168 1244 eccas
1200 1202 1323 1244 uideo
1356 1202 1560 1244 incedere.

146 1355 309 1398 (Nouus
341 1367 430 1389 corr.
462 1357 498 1388 in
531 1336 675 1388 Neu¹us
700 1357 804 1389 Voss.
875 1359 1033 1396 partus
1058 1356 1174 1397 Lugd.
1201 1354 1320 1387 Guelf.
1346 1365 1510 1397 parens
1536 1352 1669 1397 Paris.)

146 1401 286 1433 Nonius
314 1403 388 1440 113,
419 1404 458 1434 lo
485 1401 697 1433 ‘frunisci
724 1411 787 1442 pro
814 1400 887 1431 frui
907 1425 914 1431 .
936 1426 942 1432 .
964 1426 970 1431 .
990 1400 1128 1432 Nouius
1155 1401 1309 1432 Pareo:
1338 1399 1435 1442 [77].’

238 1447 468 1478 Pnomussn:
524 1447 659 1478 Festus
685 1456 717 1487 p.
745 1448 810 1478 330
834 1446 881 1476 M.
916 1446 1124 1486 ‘scirpum
1150 1449 1206 1477 est
1230 1446 1282 1485 id,
1314 1446 1407 1487 quod
1434 1446 1471 1477 in
1497 1446 1667 1487 palustri-

145 1492 213 1524 bus
236 1491 328 1524 locis
359 1492 527 1523 nascitur
558 1491 639 1524 leue
673 1496 709 1523 et
740 1501 947 1533 procerum,
979 1490 1072 1523 unde
1105 1494 1246 1532 tegetes
1278 1490 1392 1523 fiunt.
1412 1516 1419 1523 .
1440 1516 1447 1524 .
1467 1492 1606 1523 Nouius
1630 1491 1668 1523 in

146 1537 376 1568 Phoenissis:
404 1539 520 1569 sume’
548 1547 578 1568 e.
605 1548 636 1579 q.
663 1546 689 1568 s.

234 1582 347 1613 P1cvs
396 1583 531 1614 Festus
556 1592 590 1623 p.
617 1582 681 1613 262
707 1581 754 1615 M,
787 1580 1056 1613 ‘rutabulum
1090 1584 1166 1621 est,
1201 1591 1269 1623 quo
1301 1581 1431 1613 rustici
1456 1585 1607 1613 utuntur
1631 1582 1668 1612 in

144 1627 347 1668 proruendo
378 1627 463 1667 igne
496 1627 601 1668 panis
633 1626 811 1667 coquendi
842 1635 966 1660 causa.
1014 1626 1154 1659 Nouius
1184 1626 1222 1657 in
1255 1627 1360 1659 Pico:
1394 1626 1496 1668 quid’
1524 1637 1554 1659 e.
1582 1637 1613 1668 q.
1639 1637 1668 1659 s.

148 1672 304 1713 (Parco
330 1672 371 1704 O.
398 1670 611 1712 Muellerus)

235 1718 416 1756 QVAl-:srlo
464 1717 602 1748 Nonius
619 1717 696 1755 474,
714 1717 755 1747 14
781 1719 814 1747 ‘s
826 1717 952 1748 auies
971 1739 978 1747 .
999 1739 1008 1748 .
1026 1740 1033 1748 .
1052 1716 1188 1747 Nouius
1207 1716 1451 1755 Quaestione:
1478 1720 1668 1749 mammas'

146 1773 175 1795 e.
204 1773 237 1803 q.
266 1772 292 1793 s.
321 1761 585 1802 (Gastrione
610 1760 669 1793 uel
696 1759 916 1793 Gastrone
944 1760 1107 1802 Scaliger
1132 1762 1223 1792 coni.
1251 1762 1289 1792 in
1312 1761 1416 1793 Varr.
1444 1762 1520 1801 141)

235 1807 443 1838 SANNIONES
489 1807 627 1838 Nonius
652 1807 729 1845 218,
754 1807 797 1838 25
823 1806 1147 1848 ‘purpurissum
1172 1816 1304 1848 genere
1334 1809 1463 1839 neutro
1483 1832 1490 1839 .
1513 1832 1519 1838 .
1539 1831 1546 1838 .
1567 1807 1667 1838 femi-

144 1852 230 1883 nino
263 1852 431 1884 Neuius
465 1851 730 1885 Sannionibus:
763 1850 892 1883 inlino'
927 1861 956 1884 e.
985 1861 1017 1892 q.
1049 1862 1077 1884 s,
1126 1849 1305 1891 (Nouius
1337 1852 1523 1884 Mercerus
1554 1853 1668 1884 Nae-

142 1898 244 1928 uius
271 1896 431 1936 Aldina.)
481 1896 731 1928 Atellanarum
758 1906 951 1938 personam
976 1897 1188 1928 sannionem
1219 1906 1298 1929 esse
1332 1896 1441 1929 docet
1466 1896 1594 1929 Cicero
1623 1897 1668 1928 ad

144 1943 229 1973 fam.
256 1942 306 1974 IX
334 1943 374 1974 16
402 1945 489 1976 extr,

233 1987 374 2019 Svnnvs
420 1987 555 2018 Festus
581 1997 613 2028 p.
638 1987 704 2018 364
729 1985 776 2018 M.
811 1989 1036 2018 ‘temetum
1066 1986 1189 2018 uinum
1214 2002 1259 2008 -ι
1283 2004 1322 2009 -
1351 1987 1491 2020 Nouius
1516 1988 1554 2020 in
1580 1987 1666 2020 duo-

145 2032 211 2064 bus
235 2031 411 2064 Dossenis
435 2049 478 2054 —-
503 2031 598 2077 idem
624 2032 661 2063 in
686 2031 832 2063 Funere
856 2048 900 2053 —
927 2034 963 2063 et
988 2032 1025 2063 in
1051 2030 1183 2064 Surdo:
1210 2026 1314 2064 filias’
1342 2042 1370 2064 e.
1401 2043 1433 2075 q.
1459 2042 1486 2065 s.

153 2149 255 2186 Voss.
375 2151 425 2186 79
448 2151 513 2186 iam
537 2156 570 2186 te
591 2150 826 2198 Auqustinus
845 2151 938 2186 iante
962 2152 1045 2187 cod.
1165 2152 1301 2198 scirpea
1324 2152 1517 2188 Dcccerius
1538 2152 1668 2198 scirpia

141 2207 223 2242 cod.
364 2207 419 2243 80
450 2212 489 2242 ut
519 2209 666 2243 inserui
694 2218 779 2243 cum
814 2206 1069 2251 Buechelero,
1102 2218 1172 2243 om.
1204 2208 1285 2243 cod.
1433 2209 1540 2243 otiosi
1581 2209 1664 2243 cod.

142 2262 278 2297 otiosus
312 2263 553 2310 Auyuscinus.
619 2264 861 2309 Temptabam
890 2269 1099 2309 praeterea
1122 2264 1156 2299 ni
1179 2266 1239 2299 uel
1262 2264 1307 2300 ita
1339 2266 1399 2300 uel
1430 2265 1524 2299 enim
1547 2265 1665 2299 oliosc

256 2318 305 2355 81
340 2318 448 2366 pedes
487 2322 593 2355 uocis
631 2330 812 2355 mensura
851 2320 1016 2356 bibreuis
1052 2320 1225 2356 incerta:
1267 2320 1320 2367 cf.
1362 2321 1578 2366 Geppertus
1622 2321 1667 2355 (le

142 2380 320 2420 pronum.
356 2387 396 2421 p.
436 2374 486 2411 99
526 2380 561 2411 el
593 2376 802 2412 Muellerus
835 2377 991 2422 prosocl.
1029 2377 1157 2412 Plscut.
1197 2376 1276 2413 ‘206
1316 2387 1370 2424 sq.
1417 2387 1543 2423 penem
1584 2378 1668 2412 olim

145 2433 292 2467 conieci
390 2432 644 2478 congcniculcs
667 2434 818 2477 scripsi.
879 2433 1060 2479 congemit
1088 2434 1179 2468 libri
1197 2433 1224 2468 si
1247 2434 1429 2480 congemit
1452 2432 1669 2477 Gepperlus

255 2487 363 2534 pedes
394 2487 563 2532 extollas,
596 2499 816 2535 congenueS‚
848 2489 962 2523 sanies
1002 2488 1179 2536 Scaliyer
1216 2491 1312 2524 coni.
1351 2491 1389 2524 in
1438 2489 1551 2524 Varr.
1587 2487 1664 2522 141

143 2544 302 2587 suauies,
346 2543 455 2590 pedes
499 2544 666 2590 extollas,
711 2555 792 2579 cun]
831 2545 943 2591 gemit
980 2544 1163 2580 Munlcius
1192 2543 1302 2592 pedes
1335 2544 1508 2589 extollas³
1550 2545 1666 2579 sanies

142 2610 220 2634 cnm
252 2600 434 2646 congemit
466 2600 735 2644 Quicleeralius
849 2599 900 2636 83
932 2601 966 2635 in
997 2600 1078 2635 licio
1110 2602 1247 2637 Aldina
1364 2605 1463 2636 creto
1495 2600 1597 2636 Lem.

141 2679 390 2725 purpurissum
421 2679 521 2714 Leid.
554 2661 799 2725 purpurisslim
826 2679 874 2714 W
890 2680 1137 2726 purpurissum
1154 2681 1274 2715 celeri
1292 2679 1394 2723 libri,
1416 2680 1517 2725 quod
1535 2689 1666 2724 quam-

143 2735 201 2769 uis
231 2736 438 2770 testimonio
461 2734 573 2771 Nom‘i
599 2737 751 2782 firmari
780 2735 977 2779 uideatur,
1011 2740 1136 2771 tamen
1167 2745 1300 2771 uerum
1331 2745 1414 2770 esse
1444 2746 1518 2770 non
1551 2736 1666 2771 credo

255 2789 307 2826 85
338 2789 436 2825 binas
469 2792 611 2835 addidi,
646 2802 713 2827 om.
744 2791 833 2826 libri
946 2790 1036 2826 silias
1069 2790 1124 2825 alo
1158 2790 1369 2826 temulentus
1401 2791 1665 2826 Buechelerus

255 2845 447 2892 synizesis
476 2849 513 2882 in
536 2858 629 2883 uoce
661 2846 748 2881 illias
778 2848 905 2891 placet
927 2846 1118 2893 Gepperlo
1148 2858 1186 2892 p.
1211 2846 1277 2891 29,
1309 2847 1488 2892 repudiat
1509 2848 1666 2882 eandem

145 2912 227 2936 cum
249 2902 454 2938 Re'lsclzelio
486 2903 553 2950 (cf.
576 2914 707 2949 opusc.
730 2903 774 2939 ΙΙ
795 2903 873 2939 596
898 2902 995 2950 sqq.)
1028 2903 1240 2939 Muellerus
1252 2904 1410 2950 prosod.
1433 2903 1561 2940 I'laut.
1583 2902 1662 2940 461

200 2997 215 3006 .
257 2967 334 2992 ecus
365 2959 604 2997 scribendum
