2023 3287
290 215 340 257 18
889 218 962 254 CN.
987 218 1195 253 NAEVIVS

286 322 398 362 natis
436 321 728 388 histrionibus.
801 322 873 363 scd
912 337 1007 364 cum
1046 326 1145 378 post
1181 325 1338 365 multos
1378 338 1514 365 annos
1546 324 1736 366 comoedi
1769 328 1811 366 et

286 397 480 451 tragoedi
518 398 712 451 personis
751 398 813 438 uti
853 400 1087 454 coeperint,
1125 401 1214 441 ueri
1253 401 1431 441 similius
1470 403 1533 441 est
1565 415 1658 442 eam
1690 401 1809 442 fabu-

285 473 370 513 lam
409 476 584 527 propter
622 474 811 528 inopiam
856 476 1154 517 comoedorum
1194 480 1332 518 actam
1379 492 1536 518 nouam
1581 492 1656 531 per
1693 477 1809 518 Atel-

284 549 426 603 lanos,
464 550 535 603 qui
579 551 748 605 proprie
788 554 996 593 uocantur
1033 554 1269 608 personati,
1307 554 1405 607 quia¹
1443 554 1508 594 ius
1548 556 1611 595 est
1649 554 1684 594 is
1723 568 1810 595 non

285 626 381 680 cogi
402 626 445 666 in
467 640 593 667 scena
625 642 783 681 ponere
816 643 1061 683 personam,
1093 630 1205 683 quod
1232 631 1382 671 ceteris
1409 630 1688 671 histrionibus
1721 630 1811 684 pati

286 716 458 743 necesse
491 706 581 744 est.’

885 762 1208 806 PROIEchs

992 839 1013 881 Ι
1047 838 1113 895 (1)

405 948 412 955 .
445 948 452 955 .
487 947 494 954 .
527 915 712 968 populus
744 915 925 969 pz'ttitur,
955 918 1003 956 tu
1035 916 1174 970 patiz'ts
1208 950 1215 957 .
1249 950 1255 957 .

975 991 1022 1032 II'
1052 990 1118 1047 (2)

405 1101 413 1108 .
445 1065 547 1121 quid
581 1082 721 1108 moras
733 1068 754 1107 ‘2
794 1069 814 1109 ss
846 1068 945 1121 quia
977 1066 1172 1122 imperas.
1418 1083 1484 1125 Q

828 1148 1267 1198 QVADRIGEMINI

407 1260 414 1267 .
449 1260 455 1267 .
491 1260 497 1266 .
533 1241 609 1267 3110
642 1226 778 1267 labori
810 1226 954 1267 nullus
985 1227 1162 1280 pzircuit.

881 1301 1226 1343 STALAGMVS

316 1379 370 1420 ΤΟ
402 1377 564 1420 Visam.
599 1378 676 1419 deo
708 1380 802 1420 meo
836 1380 1021 1434 propitio
1054 1380 1172 1420 meus
1204 1379 1333 1420 homo
1366 1382 1440 1420 est.

283 1508 472 1550 depositas
498 1507 600 1539 dicta
619 1509 669 1539 sit
686 1507 909 1547 Personata,
936 1509 1145 1540 necessario
1164 1509 1235 1540 iam
1253 1508 1290 1539 in
1314 1518 1383 1540 usu
1407 1508 1543 1540 fuerint
1560 1508 1624 1540 illo
1650 1511 1812 1551 tempore

285 1563 474 1595 personae.
524 1553 570 1583 At
595 1562 681 1584 uero
706 1553 743 1584 id
767 1552 918 1584 Verrius
943 1552 1048 1585 dicit:
1076 1556 1196 1584 actam
1223 1563 1302 1585 esse
1326 1553 1421 1585 hane
1454 1553 1617 1585 fabulam
1643 1554 1689 1585 ab
1715 1554 1814 1586 Atel-

286 1599 401 1634 lanis,
433 1598 494 1638 qui
529 1597 672 1639 proprie
707 1597 876 1629 dicuntur
899 1598 1100 1639 personati.
1150 1599 1240 1629 Nam
1269 1598 1382 1629 multo
1408 1602 1493 1630 ante
1520 1608 1626 1639 quam
1649 1599 1814 1631 comoedi

285 1646 321 1674 et
358 1641 526 1684 tragoedi
564 1643 731 1683 personis
763 1644 817 1673 uti
848 1646 1065 1684 coeperunt,
1102 1643 1269 1675 Atellani
1302 1643 1371 1675 soli
1404 1653 1446 1675 eo
1478 1643 1608 1675 habitu
1640 1645 1811 1685 agebant,

285 1691 412 1730 postea
437 1690 557 1718 autem
583 1686 650 1719 soli
674 1686 857 1728 deponere
884 1698 947 1720 eas
972 1688 1052 1729 cogi
1070 1698 1142 1719 non
1166 1691 1354 1729 poterant.
1401 1687 1458 1720 Cf.
1477 1687 1650 1720 Munkius
1675 1689 1718 1720 de
1737 1689 1812 1720 fab.

289 1731 399 1765 Atell.
427 1742 459 1773 p.
488 1733 530 1764 70

372 1777 605 1818 szomcrvs,
639 1777 662 1810 i.
696 1787 727 1808 e.
763 1776 974 1818 Expositus.
1028 1777 1224 1810 Diomedes
1254 1777 1273 1809 Ι
1303 1788 1338 1820 p.
1370 1779 1434 1810 395
1466 1778 1508 1810 P.
1541 1779 1651 1809 ‘item
1688 1778 1813 1820 patio

283 1823 446 1854 Naeuius
471 1822 507 1852 in
533 1821 721 1853 Proiecto:
747 1822 904 1863 populus
929 1822 1083 1864 patitur,
1110 1823 1244 1864 inquit,
1271 1826 1311 1854 tu
1336 1833 1370 1864 p.
1397 1833 1515 1854 moro
1539 1824 1627 1855 item
1652 1823 1815 1855 Naeuius

283 1868 321 1899 in
350 1866 474 1899 eodem
507 1864 598 1908 [11].’
640 1866 815 1907 (neuius
846 1867 989 1899 Monac.
1098 1868 1142 1899 in
1172 1867 1377 1910 prolecto
1407 1868 1549 1900 Monac.
1654 1868 1813 1899 neuius

284 1912 429 1944 Monac.
455 1913 657 1943 maenius
683 1911 767 1946 Par.
793 1909 849 1953 B.)

377 1957 667 1997 QVADRIGEfflm
708 1957 848 1988 Nonius
867 1959 942 1998 153,
960 1958 1003 1988 22
1021 1957 1241 1999 ‘parcuit,
1259 1957 1437 1999 pepercit.
1469 1957 1636 1989 Neuius
1655 1957 1814 1997 Quadri-

288 2001 462 2044 gemiuis:
490 2003 569 2033 suo’
597 2011 629 2032 e.
655 2011 689 2042 q.
716 2011 743 2033 s.

376 2045 599 2077 STALAGMVS
648 2046 816 2078 Donatus
842 2048 881 2078 in
899 2048 984 2081 Ter.
1001 2047 1143 2078 Phorm.
1160 2047 1177 2078 I
1196 2048 1233 2086 2,
1252 2048 1295 2078 24
1321 2046 1404 2078 ‘deo
1430 2047 1524 2079 irato
1549 2045 1641 2088 meo]
1669 2046 1815 2078 uidetur

291 2090 538 2124 ...addidisse
570 2101 677 2131 meo,
710 2101 754 2123 ne
782 2094 880 2123 esset
905 2087 1124 2134 ἀμφίβολον
1150 2093 1209 2122 cui
1235 2091 1392 2123 diceret:
1418 2091 1512 2123 irato
1538 2091 1618 2123 deo.
1652 2091 1814 2123 Naeuius

253 2135 258 2139 *
285 2137 323 2168 in
348 2133 690 2177 Stalagmonisa
715 2135 808 2167 deo’
835 2146 866 2167 e.
893 2146 924 2178 q.
952 2147 979 2169 s.
1029 2136 1210 2177 (Neuius
1235 2136 1352 2178 Lugd.
1378 2136 1591 2168 Hemnius
1616 2136 1746 2168 Dresd.

285 2181 623 2222 Stalagmonisa
654 2180 733 2212 <leo
763 2181 889 2212 Cuiac.
925 2180 1224 2220 stalagmonis
1249 2181 1366 2213 Adeo
1392 2178 1505 2222 Lugd.
1532 2180 1813 2223 Stalagmoffs

286 2226 393 2258 adeo
427 2225 543 2259 Gand.
576 2225 877 2266 staliguionis
908 2226 1018 2257 adeo
1048 2225 1177 2257 Dresd.
1216 2225 1543 2267 Stalagmonis:
1575 2225 1693 2257 Adeo
1730 2225 1812 2257 edd.

286 2272 385 2303 Rom.
403 2269 509 2303 Vind.
527 2269 622 2301 Med.
640 2270 768 2308 Taru„
795 2270 891 2302 unde
916 2271 1000 2303 olim
1024 2270 1391 2311 Stalagmonissa
1416 2270 1563 2302 titulum
1582 2270 1677 2302 male
1704 2269 1815 2311 finge-

285 2317 380 2348 bam.
430 2314 688 2356 Stalagmus
713 2315 811 2347 serui
843 2325 973 2348 nomen
1006 2326 1049 2347 ex
1075 2315 1244 2357 Captiuis
1268 2319 1394 2348 notum
1426 2319 1508 2357 post
1541 2315 1634 2348 alios
1658 2315 1814 2348 Bothius

287 2360 497 2392 Meinekius
523 2359 745 2392 Ritschelius
772 2361 917 2403 Parerg.
940 2362 1008 2402 ‚142
1035 2364 1273 2403 agnouerant.

399 2478 552 2527 patrueli
574 2478 778 2515 Mer-cerus
807 2479 924 2526 patrui
954 2479 1044 2514 libri
1158 2479 1208 2516 67
1241 2480 1352 2526 patius
1376 2479 1501 2515 Paris.
1533 2479 1566 2515 A
1595 2489 1668 2514 11011
1698 2479 1812 2525 pacias

287 2537 379 2572 Par.
414 2535 448 2570 B
478 2536 598 2583 potior
629 2535 781 2571 Monac.
814 2535 924 2582 patius
955 2534 1062 2573 1110110
1101 2536 1183 2571 edd.
1217 2540 1313 2571 uett:
1343 2537 1430 2571 uide
1460 2546 1592 2582 supra.
1655 2534 1812 2570 Senten-

288 2596 338 2628 tia
361 2592 459 2628 haec·
477 2591 602 2638 fuisse
613 2596 758 2637 potest:
783 2591 879 2638 quod
901 2590 1056 2638 populus
1078 2591 1228 2638 petitur,
1250 2597 1289 2626 tu
1310 2593 1422 2635 patius
1444 2592 1540 2626 item.
1622 2590 1673 2627 68
1696 2601 1814 2626 mores

289 2650 382 2688 Par,
406 2649 442 2683 B
496 2674 499 2677 v
519 2648 599 2696 quia
630 2648 781 2695 imperas
804 2648 898 2683 Par.
921 2649 954 2683 A
977 2647 1127 2683 Monac.
1151 2652 1219 2695 (1115
1250 2658 1352 2694 peras
1374 2648 1466 2683 Par.
1492 2646 1525 2681 B
1547 2645 1630 2693 quid
1662 2647 1814 2693 imperas

289 2706 370 2741 edd.
394 2709 499 2749 uett..
531 2705 633 2751 quod
651 2706 770 2752 mayis
792 2705 946 2750 placel;
977 2715 1044 2739 om.
1069 2703 1287 2739 Caesarius.
1336 2704 1421 2751 quin
1443 2702 1618 2749 imperas?
1647 2704 1685 2737 in
1708 2705 1814 2738 eaeilu

290 2771 426 2797 uersus
456 2762 569 2797 amici
593 2772 707 2806 prop.
827 2760 877 2796 69
909 2759 1020 2795 labori
1043 2761 1124 2795 edd.
1157 2759 1287 2796 laboris
1316 2761 1424 2796 libri:
1463 2770 1512 2794 (m
1542 2769 1627 2794 31103
1659 2757 1814 2793 laboris?

402 2817 455 2853 70
486 2818 608 2851 uisam.
647 2816 714 2852 «leo
754 2819 896 2862 scripsi
932 2817 1008 2851 nisa
1046 2816 1114 2851 ‹leo
1154 2817 1214 2851 uel
1252 2816 1305 2850 nis
1343 2815 1431 2850 adeo
1469 2814 1519 2860 (u.
1561 2813 1696 2860 supra)
1727 2815 1817 2850 libri

289 2884 416 2908 mussa.
455 2872 522 2908 deo
555 2873 818 2908 Buechelerus
855 2872 923 2907 deo
963 2874 1075 2920 uulqo
1192 2871 1234 2908 Si
1262 2871 1388 2917 adfuit
1425 2874 1461 2906 in
1493 2881 1637 2906 scaena
1668 2871 1714 2905 de
1742 2882 1815 2917 qno
