2023 3287
265 244 318 284 46
784 244 1039 277 CAECILIVS
1070 244 1270 276 s'rA'rlvs

948 347 1014 388 ΠΙ
1048 347 1113 403 (2)

668 458 675 464 .
709 425 816 477 quae
849 438 1022 464 narrare
1057 424 1190 478 inepti
1224 427 1288 465 est
1320 424 1507 465 feruenti
1537 427 1689 466 scutra.

383 499 401 545 [Γ
448 499 674 540 Machaera
726 501 827 553 quin
887 500 1040 542 licitari
1096 501 1321 542 aduersum
1378 501 1563 542 ahenum
1614 501 1794 555 coepisti

1116 578 1252 618 sciens
1286 577 1370 617 -Ῥ

297 713 350 753 70
382 711 492 752 Mihi
513 726 585 753 sex
605 726 771 753 menses
793 712 896 753 saitis
917 715 1019 753 sun’n
1039 713 1171 766 uitae,
1203 712 1431 766 septimum
1452 711 1560 754 Orco
1589 713 1791 767 sp6nde0.

958 788 997 829 V
1031 787 1096 844 (3)

385 861 510 920 [Em]
545 864 641 905 uide
674 865 1014 906 luculentitatem
1047 863 1142 906 eius
1175 867 1217 905 et
1247 864 1626 920 magnificentiam!

266 969 514 1004 ...blateres
565 969 751 1002 Caecilius
778 971 843 1012 Hy
852 971 954 1002 mni·
981 970 1123 1002 desine’
1149 980 1179 1003 e.
1201 981 1233 1011 q.
1255 980 1282 1002 s.
1309 971 1455 1010 (imnis
1482 971 1538 1003 W.
1563 971 1687 1008 imni,
1713 981 1791 1013 sup.

264 1024 291 1054 s,
316 1014 420 1046 Leid.
446 1014 654 1055 hymnide
680 1015 874 1056 Bentinus)
967 1015 1023 1046 ΙΙΙ
1048 1016 1188 1047 Nonius
1216 1017 1291 1053 134,
1318 1017 1359 1048 15
1385 1015 1581 1047 ‘licitali
1605 1016 1790 1058 congredi,

263 1069 483 1101 pugnare..
537 1056 724 1092 Caecilius
757 1060 954 1100 Hymnide·
987 1063 1096 1101 quae’
1129 1070 1159 1091 e.
1194 1070 1227 1101 q.
1254 1071 1281 1093 s.
1314 1060 1532 1101 (himmide
1566 1061 1693 1093 Ulbin.
1717 1063 1792 1099 307,

264 1105 284 1135 i.
313 1115 344 1136 e.
371 1104 600 1145 himinide)
693 1105 743 1136 IV
768 1105 896 1137 Cicero
922 1105 965 1136 de
991 1105 1049 1137 fin.
1067 1105 1102 1137 ΙΙ
1127 1107 1203 1145 7,‘>
1186 1107 1226 1137 ..2
1253 1105 1371 1146 ‘atqui
1388 1106 1612 1146 reperiemus
1639 1109 1792 1138 asotos

263 1149 416 1190 primum
441 1149 494 1180 ita
520 1159 590 1181 non
616 1149 825 1201 religiosos,
852 1154 893 1182 ut
919 1150 1021 1182 edint
1047 1149 1091 1181 de
1116 1150 1272 1192 p‚atella
1305 1150 1435 1182 deinde
1468 1150 1523 1182 ita
1547 1153 1696 1182 mortem
1720 1161 1792 1183 non

263 1193 450 1234 timentes,
478 1197 517 1225 ui:
543 1194 632 1226 illud
657 1196 694 1226 in
719 1205 779 1226 ore
804 1195 965 1227 habeant
990 1205 1032 1227 ex
1049 1161 1249 1236 Hynpmide:
1274 1195 1377 1226 mihi’
1402 1205 1432 1226 e.
1454 1206 1486 1236 q.
1506 1205 1534 1227 s.
1565 1195 1628 1236 (ex
1658 1195 1791 1227 hfiide

264 1239 286 1270 i.
307 1249 336 1270 e.
356 1239 566 1271 humnide
584 1239 664 1274 Pal.
683 1240 704 1271 b
732 1239 985 1272 exonimide
1003 1240 1148 1272 Monac.
1168 1239 1426 1272 exenemide
1445 1239 1548 1274 Leid.
1577 1250 1626 1272 ex
1652 1240 1792 1272 himni

263 1283 313 1315 de
339 1283 419 1316 Pal.
447 1295 468 1316 a
499 1287 545 1315 ut
578 1284 770 1316 exiunde
797 1283 950 1326 Moi·el.).
1006 1285 1105 1316 Hinc
1137 1284 1316 1316 Lucilium
1339 1295 1414 1316 sua
1447 1286 1664 1327 sumpsisse,
1699 1295 1792 1326 quae

264 1331 389 1360 extant
415 1328 509 1370 apud
536 1329 691 1362 Nonium
716 1330 793 1368 526,
821 1331 861 1361 13
888 1328 1166 1370 <hemistichium
1194 1333 1314 1361 autem
1341 1330 1467 1361 mutilo
1491 1329 1573 1361 loeo
1591 1340 1624 1371 p.
1642 1331 1720 1371 283,
1735 1327 1792 1371 25)

264 1373 448 1405 ‘Lucilius
472 1373 535 1406 lib.
560 1373 698 1406 XXVI:
726 1375 787 1415 qui
813 1385 876 1406 sex
901 1384 1046 1407 menses
1070 1375 1180 1406 uitam
1207 1375 1361 1414 ducunt,
1388 1375 1480 1406 Orco
1506 1374 1687 1416 spondent
1712 1385 1792 1417 sep-

267 1419 407 1449 timum’
426 1419 565 1450 monuit
582 1419 748 1450 Muretus
775 1419 820 1450 ad
839 1419 973 1452 Catull.
992 1430 1026 1461 p.
1046 1420 1109 1452 726
1181 1420 1211 1451 V
1237 1420 1376 1452 Nonius
1395 1421 1470 1459 135,
1490 1421 1508 1450 2
1528 1419 1792 1451 ‘luculenti—

263 1465 404 1494 tatem
432 1474 453 1494 a
470 1463 685 1495 luculento.'
712 1463 933 1505 (himmide
951 1465 1078 1498 Urbin.
1096 1466 1172 1503 307,
1191 1464 1214 1496 i.
1233 1474 1263 1496 e.
1284 1464 1520 1503 himinide)
1590 1464 1639 1496 VI
1656 1465 1793 1496 Festus

264 1519 297 1549 p.
324 1509 386 1540 177
414 1508 461 1539 Μ.
488 1509 682 1540 ‘nictare
708 1511 744 1540 et
770 1508 952 1540 oculorum
979 1512 1016 1541 et
1040 1509 1192 1541 aliorum
1217 1509 1455 1541 membrorum
1481 1509 1562 1540 nisu
1587 1519 1699 1551 saepe
1725 1509 1794 1540 ali—

263 1553 348 1593 quid
382 1553 506 1585 conari
538 1552 674 1585 dictum
706 1556 761 1585 est
792 1554 837 1586 ab
870 1554 1032 1595 antiquis
1057 1576 1100 1580 —-
1126 1553 1309 1586 Caecilius
1342 1555 1380 1585 in
1405 1553 1608 1595 Hymnide:
1640 1554 1793 1596 garruli’

261 1659 402 1701 addidi,
437 1671 505 1695 om.
533 1660 623 1696 libri
708 1660 757 1696 nil
788 1660 951 1697 Botleius
1037 1660 1171 1696 desiste
1201 1659 1386 1696 blaterare.
1420 1656 1568 1709 [edepol
1591 1657 1791 1709 uerumst:]

262 1715 308 1751 nil
331 1716 403 1762 agit
424 1717 520 1751 conl.
549 1716 634 1751 Ter.
657 1716 830 1753 Izccutont.
857 1717 937 1753 879
970 1717 1026 1752 W.
1048 1717 1275 1762 Waynerus.
1337 1716 1420 1752 Non
1436 1717 1560 1762 probo
1582 1718 1683 1763 quod
1709 1718 1792 1753 olim

262 1773 464 1817 temptaui.-
494 1771 616 1807 desine
654 1771 865 1819 blanditiae,
904 1772 954 1808 nil
984 1774 1060 1820 agis
1091 1772 1129 1807 ln
1160 1772 1289 1808 amere.
1329 1773 1486 1808 inermus
1526 1771 1678 1808 blateras

263 1827 313 1864 (38
346 1826 503 1862 feruenti
525 1833 645 1863 scutra
666 1831 808 1875 scripsi
828 1834 966 1864 scutras
1000 1828 1116 1876 (corr.
1139 1839 1190 1866 ex
1220 1833 1383 1864 scrutans
1416 1828 1479 1874 W)
1512 1828 1685 1864 sementis
1705 1829 1796 1865 libri

377 1883 427 1919 69
461 1885 547 1931 quin
580 1895 716 1920 macera
745 1886 836 1921 libri
865 1886 951 1932 quin
982 1885 1164 1920 machaera
1195 1886 1294 1930 edd„
1327 1887 1551 1931 transposui
1664 1884 1792 1920 licitari

262 1940 343 1975 edd.
385 1939 534 1975 licitaria
572 1941 662 1976 libri
775 1952 925 1976 aeneum
963 1942 1072 1986 libri,
1112 1942 1216 1987 quod
1248 1941 1282 1976 si
1310 1950 1474 1976 seruare
1504 1942 1617 1985 uelis,
1656 1941 1794 1988 co‘epsti

262 1996 504 2031 scribendum
534 1999 603 2042 sit,
635 2009 748 2043 quam
776 1997 943 2043 formam
968 2002 1058 2043 post
1088 1996 1308 2033 Maduieum
1339 2007 1468 2042 opusc.
1500 1997 1548 2032 ΙΙ
1584 1995 1635 2033 68
1667 2007 1723 2043 sq.
1758 2001 1793 2032 et

262 2052 600 2099 Neuiumcyrctmm.
623 2054 688 2088 lat.
711 2052 908 2098 1122.420
929 2054 1125 2089 damnauit
1146 2053 1324 2089 Klotzius
1343 2053 1396 2088 cul
1418 2052 1504 2089 Ter.
1515 2053 1635 2088 Andr.
1655 2064 1694 2113 p,
1718 2052 1792 2088 43:

261 2109 308 2143 (le
339 2109 402 2144 illo
435 2108 488 2154 cs.
519 2108 716 2144 Bentleius
755 2110 807 2145 cccl
835 2110 932 2145 Hor.
973 2119 1084 2145 serm.
1122 2109 1171 2145 ΙΙ
1196 2108 1361 2154 3,183.
1480 2119 1570 2156 quae
1607 2119 1641 2144 n.
1682 2108 1706 2144 i.
1738 2113 1793 2143 est

262 2175 404 2200 ueisum
444 2164 618 2199 sementis
658 2170 808 2200 scutras.
869 2162 889 2207 ss*
921 2163 1011 2208 Quin
1043 2176 1088 2200 m.
1121 2165 1249 2200 licitaii
1279 2165 1431 2200 ahenum
1461 2165 1611 2212 coepisti
1650 2165 1793 2201 sciens?

264 2221 489 2268 Spenyelz'us
510 2221 570 2267 qui
601 2226 636 2255 te
667 2222 794 2256 armari
824 2222 943 2268 inepte
972 2221 1056 2256 iusti
1089 2220 1244 2256 feruenti
1275 2225 1406 2256 scutra.
1469 2219 1560 2264 Quin
1591 2231 1637 2256 m.
1671 2220 1694 2255 l.
1733 2220 1793 2255 ad·

263 2287 406 2312 uersum
435 2286 583 2312 aeneum
605 2278 742 2324 coepsti
765 2278 917 2312 insciens
941 2277 1103 2313 Botlzius
1124 2276 1147 2312 2
1179 2278 1224 2313 de
1255 2276 1442 2320 Quioeoteo
1473 2279 1599 2324 aliquo
1621 2279 1793 2324 coyitans

263 2337 491 2380 praecantare
531 2333 643 2380 inepti
683 2338 737 2368 est
768 2333 950 2369 feruentes
981 2338 1141 2369 scutras:
1183 2332 1273 2376 Quin
1306 2344 1349 2368 m.
1382 2332 1406 2369 l.
1440 2332 1634 2368 aduersum
1665 2343 1791 2367 aenum

261 2389 412 2436 coepisti
434 2389 574 2424 sciens?
607 2389 823 2425 Grauertus
845 2390 954 2425 Αηαῑ.
983 2401 1023 2435 p.
1049 2389 1128 2426 100
1151 2400 1241 2436 quae
1264 2399 1406 2424 narrare
1436 2388 1548 2436 inepti
1580 2393 1635 2424 est
1665 2388 1790 2424 Scutra

263 2444 416 2480 feruenti
440 2471 608 2483 ......
633 2446 718 2493 quin
740 2445 924 2482 machaera
945 2445 1086 2481 Licitari
1107 2445 1296 2481 aduersum
1326 2438 1457 2482 aenum
1477 2444 1628 2491 coepisti
1648 2442 1791 2480 sciens?

263 2503 348 2537 olim
368 2504 407 2537 in
427 2500 558 2547 praef.
575 2513 618 2547 p.
640 2502 704 2537 ΧΙ
717 2512 1013 2548 proposueram.
1075 2502 1200 2538 Etiam
1221 2502 1319 2537 baec
1340 2505 1376 2538 in
1399 2506 1558 2537 mentem
1580 2504 1771 2537 uenerunt
1783 2516 1792 2534 .-

262 2557 398 2603 (morus
438 2555 511 2602 eS,)
543 2558 622 2604 quia
661 2557 846 2593 exanclare
884 2560 959 2604 (uel
991 2557 1154 2602 euol‘are)
1192 2557 1305 2605 inepti
1343 2563 1398 2593 est
1428 2557 1573 2593 Scutras
1605 2556 1790 2591 sementis.

263 2609 283 2654 is'
313 2609 406 2661 [ipse
437 2618 514 2648 tute
544 2609 716 2663 ineptis,]
751 2614 836 2660 quin
867 2613 1049 2649 machaera
1071 2613 1212 2649 Licitari
1244 2613 1436 2649 aduersum
1458 2611 1609 2648 ahenum
1640 2613 1790 2659 coepisti

263 2670 391 2704 sciens.
454 2668 564 2705 Certe
592 2672 631 2705 in
663 2671 776 2705 Simili
803 2670 900 2705 haec
930 2671 1091 2717 imagine
1122 2672 1279 2706 uersari
1308 2671 1487 2706 uidentur
1517 2673 1632 2715 atque
1667 2668 1794 2703 Titinii

264 2737 300 2760 u.
325 2724 401 2761 127
425 2736 480 2773 sq.
601 2725 649 2761 71
684 2737 738 2761 em
761 2737 829 2762 om.
850 2725 958 2762 libri:
989 2727 1157 2772 exempli
1177 2735 1297 2761 causa
1319 2736 1434 2762 unum
1455 2735 1506 2760 ex
1526 2725 1652 2760 multis
1682 2725 1789 2771 elegi,

264 2782 399 2827 quibus
429 2783 582 2828 expleri
610 2787 769 2818 metrum
796 2785 937 2828 possin
968 2784 1045 2819 alia
1067 2786 1157 2818 sunt
1177 2781 1259 2817 uide
1283 2782 1354 2828 sis,
1385 2792 1420 2816 u.
1454 2790 1563 2826 nunc,
1595 2791 1630 2814 n.
1662 2781 1789 2815 istanc.

376 2837 606 2873 luculentiam
627 2841 664 2874 in
687 2840 841 2874 senario
863 2840 1099 2875 commendat
1121 2838 1405 2881 Bucelzelerus,
1437 2837 1474 2871 in
1504 2838 1676 2872 lemmate
1697 2848 1789 2883 quo-

265 2902 337 2938 que
369 2893 482 2928 Nonii
510 2893 738 2929 luculentiam
771 2900 803 2929 et
837 2900 926 2930 ante
950 2893 1235 2930 luculeniitatem
1261 2895 1427 2938 periisse
1458 2895 1679 2938 suspicatus
