2023 3287
794 249 1003 281 'ri'r1N1vs
1588 244 1668 284 159

818 351 969 392 XVIII
980 350 995 375 ¹³

265 430 474 471 cumensis
507 443 652 470 cursor

264 582 472 622 moraciae
506 595 634 621 nuces

263 738 386 789 apti-a
936 790 957 832 I

852 791 933 833 XX

263 869 561 911 Pseudoacron
594 869 646 910 ad
677 868 781 910 Hor.
803 869 924 922 epist.
956 867 976 908 I
1012 868 1077 921 13,
1112 868 1165 908 14
1198 867 1325 921 ‘apud
1356 867 1596 908 Titinnium
1626 868 1670 908 in

146 947 326 1001 quadani
382 946 525 986 fabula
575 946 790 986 inducitur
841 945 1048 998 ancilla,
1098 958 1224 998 quae
1274 944 1421 984 lanae
1473 945 1670 998 glomus

146 1024 356 1064 furatur
389 1026 435 1063 ct
467 1022 870 1076 deprehenditur
902 1021 1109 1075 aspere?

841 1127 967 1169 XXII

265 1204 447 1246 Serenus
471 1204 765 1246 Sammonicus
786 1204 836 1245 (le
857 1219 901 1245 re
922 1204 1028 1245 med.
1053 1203 1166 1244 1044
1199 1204 1434 1257 ‘praeterea
1462 1203 1503 1244 si
1534 1203 1583 1245 fo
1597 1206 1671 1245 rte

144 1282 331 1337 premit
364 1282 493 1322 strix
526 1284 636 1322 atra
666 1282 884 1335 pueHOS‚
910 1280 1066 1323 Virosa
1097 1280 1341 1334 imnulgens
1368 1280 1521 1321 exertis
1542 1280 1673 1321 ubera

146 1359 296 1413 labris7
327 1358 443 1399 Alia
476 1356 740 1412 praecepit
760 1357 925 1398 Titini
959 1357 1218 1397 sententia
1244 1357 1397 1410 necti,
1430 1356 1510 1405 Qui
1538 1357 1670 1397 ueteri

147 1437 281 1476 claras
315 1435 523 1489 expressit
557 1449 673 1475 more
705 1434 903 1489 togatas.²

147 1565 387 1596 ‘Titui-ius:
420 1564 716 1596 Tarentinorum’
744 1574 774 1596 c.
802 1574 834 1604 q.
862 1573 890 1595 s.
1031 1561 1178 1594 XVIIIb
1211 1562 1318 1593 Pauli
1343 1562 1474 1594 Festus
1500 1573 1532 1605 p.
1558 1563 1600 1594 58
1624 1562 1672 1595 M.

149 1613 290 1641 ‘cocum
325 1614 360 1640 et
393 1609 565 1650 pistorem
597 1610 692 1650 apud
721 1609 890 1649 antiquos
918 1607 1069 1639 eundem
1097 1607 1208 1638 fuisse
1243 1608 1464 1648 accepimus.
1513 1608 1674 1639 Naeuius

147 1652 1045 1697 [inc.fab.X1V].(tamensem-cursorem
1075 1652 1258 1683 Titinnius
1291 1662 1354 1693 pro
1386 1653 1521 1694 pistore
1553 1652 1672 1686 dixit)

147 1701 299 1731 Seruum
332 1699 520 1740 pist01em‚
559 1700 620 1740 qui
653 1709 754 1730 camo
788 1708 825 1728 n
829 1698 934 1728 dutus
967 1697 1096 1729 molam
1135 1696 1307 1728 ‹···u11e11d0
1339 1697 1436 1728 uelut
1469 1697 1674 1729 Cannensis

147 1755 273 1776 cursor
299 1744 524 1785 circumagat
550 1743 741 1784 intellego:
768 1743 852 1774 uide
878 1743 1098 1789 prooemium
1125 1742 1198 1775 ind
1225 1741 1353 1773 scholi.
1379 1740 1674 1784 Kiliens.1863s4

149 1800 182 1831 p.
208 1789 238 1818 V
243 1789 279 1820 11
305 1799 383 1830 sqq.
433 1789 617 1820 Incertum
636 1793 691 1820 est
710 1798 779 1829 qua
798 1787 865 1818 fide
884 1783 1021 1818 nitatur
1041 1791 1076 1818 et
1094 1797 1162 1828 quo
1183 1787 1363 1828 pertineat
1380 1786 1523 1818 Placidi
1548 1787 1672 1827 glossa

148 1836 184 1865 in
216 1835 256 1865 A.
287 1833 363 1864 Mai
393 1832 498 1864 class.
539 1836 636 1865 auct.
669 1833 717 1864 VI
749 1833 832 1864 556:
867 1827 1086 1863 ‘carensis
1124 1832 1341 1873 pistoribus,
1373 1842 1394 1863 a
1431 1832 1531 1863 caria
1567 1842 1671 1873 quem

148 1878 323 1910 Oscorum
342 1878 467 1919 lingua
492 1888 620 1919 panem
639 1888 717 1910 esse
736 1878 887 1915 dicunt',
916 1887 1020 1918 quam
1039 1881 1076 1908 et
1093 1877 1130 1907 in
1148 1876 1361 1908 Mommseni
1380 1881 1416 1908 et
1438 1877 1474 1908 in
1491 1877 1674 1908 Huschkii

146 1923 336 1963 glossariis
369 1923 472 1954 Oscis
506 1923 641 1954 frustra
672 1933 819 1964 quaero.
879 1901 1122 1953 'Canensem
1154 1932 1174 1952 a
1206 1931 1312 1961 cane,
1351 1921 1488 1953 uinculi
1525 1932 1672 1962 genere,

150 1968 347 2005 Meursius;
377 1977 661 1999 commensem
689 1978 710 1998 a
734 1977 878 2005 mensa,
906 1966 1000 2008 quod
1027 1967 1063 1997 in
1088 1965 1181 1998 libro
1200 1977 1264 1997 ms.
1293 1967 1476 1997 inuenerit
1503 1977 1670 1998 comen—

148 2023 252 2049 sem,
286 2012 457 2043 Barthius
484 2012 574 2047 Adu.
603 2013 684 2044 XLI
709 2013 746 2051 83
781 2011 1059 2043 Cannensem
1095 2011 1276 2052 Scaliger,
1312 2014 1545 2042 canentem
1578 2011 1672 2043 Neu-

148 2058 319 2089 kirchius.
368 2057 422 2088 De
441 2057 622 2088 mutandis
647 2067 723 2099 pro
748 2057 923 2099 pistore
941 2056 1061 2088 uerbis
1080 2056 1117 2087 in
1142 2060 1438 2097 praepostere
1458 2056 1517 2087 uel
1544 2067 1672 2097 prae-

149 2103 368 2144 petiorem
395 2101 455 2133 uel
481 2103 788 2144 properiorem
814 2101 874 2133 uel
900 2111 973 2143 pro
1001 2104 1266 2142 praestante
1294 2104 1429 2132 temere
1448 2102 1670 2142 cogitarunt.

238 2146 323 2178 XIX
349 2145 457 2178 Pauli
481 2147 617 2179 Festus
649 2157 682 2188 p.
710 2148 772 2179 139
797 2146 845 2178 M.
878 2146 1121 2178 ‘moracias
1153 2156 1290 2177 nuces
1322 2145 1506 2177 Titinnius
1539 2146 1669 2177 duras

149 2202 227 2223 esse
259 2191 330 2230 ait,
362 2191 457 2223 unde
488 2191 528 2223 fit
560 2191 812 2223 diminutiuum
842 2191 1081 2223 moracillum'
1116 2189 1382 2230 (moraculas
1415 2190 1580 2231 Bothius)
1616 2190 1672 2223 Cf.

147 2236 290 2268 Placidi
317 2235 365 2275 gl.
392 2236 583 2287 ‘moi-agis,
609 2237 765 2268 nucibus
790 2236 938 2276 longis?
1033 2235 1098 2266 XX
1124 2235 1313 2267 Philoxeni
1332 2235 1442 2276 gloss.
1461 2236 1558 2277 apud
1578 2237 1674 2267 Lab-

148 2282 296 2314 haeum:
322 2277 484 2322 ‘aptra‚
515 2260 811 2323 ἄμπελόφυλλα,
845 2278 893 2319 ὡς
925 2280 1130 2318 τιτι’ννιος.’
1178 2280 1287 2321 gloss.
1312 2280 1430 2312 Vatic.
1463 2281 1500 2312 in
1531 2281 1572 2314 A
1599 2281 1674 2313 Mai

149 2330 246 2357 auct.
274 2325 379 2358 class.
405 2326 453 2357 VI
480 2328 544 2358 502
582 2327 752 2367 ‘abtr·1.,
787 2326 875 2358 folia
907 2320 1017 2357 uitis.⁹
1067 2326 1277 2377 apiastra
1309 2320 1355 2357 τὰ
1387 2319 1673 2366 μελισσόφυλλα

150 2371 352 2403 Salmasius
384 2380 498 2403 exerc.
533 2371 627 2406 Plin
658 2382 690 2412 p.
725 2373 784 2402 101
837 2372 961 2413 apia,
994 2364 1166 2411 ἀμπέλου
1198 2363 1322 2411 φύλλα
1355 2369 1526 2402 Osannus
1561 2370 1673 2412 gloss.

149 2416 232 2447 Lat.
261 2425 359 2457 spec.
388 2426 420 2456 p.
447 2417 466 2447 8
514 2420 684 2457 amptra
710 2415 751 2449 Ο.
770 2415 992 2448 Muellerus
983 2426 1021 2446 1n
1039 2416 1149 2447 Festo
1176 2426 1197 2455 p
1231 2416 1308 2449 383
1342 2414 1440 2446 Nihil
1464 2415 1673 2446 mutandum

150 2463 274 2492 censet
298 2459 473 2502 Iosephus
500 2460 607 2492 Klein
634 2471 720 2491 mus.
756 2460 867 2492 Rhea.
894 2460 1010 2491 XXIV
1036 2461 1112 2492 295.
1161 2459 1381 2491 Addideram
1407 2459 1492 2491 olim
1517 2461 1553 2491 in
1580 2461 1673 2502 praf.

149 2516 182 2547 p.
208 2505 309 2537 XIII.
403 2504 489 2536 XXI
517 2505 692 2536 Horatius
719 2505 824 2546 epist.
844 2505 862 2537 Ι
889 2507 940 2545 13,
970 2506 1010 2536 14
1036 2506 1105 2536 ‘sic
1130 2505 1285 2546 positum
1311 2505 1476 2536 seruabis
1501 2515 1603 2544 onus,
1628 2515 1673 2537 ne

150 2551 244 2582 forte
261 2550 326 2582 sub
345 2549 406 2582 ala
425 2549 658 2581 Fasciculum
678 2554 797 2591 portes
816 2550 1007 2590 librorum,
1035 2553 1074 2581 ut
1091 2550 1251 2582 rusticus
1269 2560 1418 2591 agnum,
1446 2549 1500 2580 Vt
1517 2550 1674 2581 uinosa

150 2595 318 2635 glomus
354 2595 553 2626 furtiuae
588 2595 744 2635 Pyrria
775 2594 935 2626 lanae.’
976 2595 1142 2636 (pyrria
1173 2594 1228 2625 uel
1262 2595 1402 2636 pirria
1439 2594 1523 2625 libri
1553 2595 1674 2636 puiri

150 2640 411 2691 Porphyrionis
435 2639 515 2674 MR
545 2638 599 2670 Cf.
626 2639 884 2671 Lachmannus
909 2639 955 2670 ad
980 2640 1085 2670 Lucr.
1110 2650 1143 2680 p.
1170 2640 1246 2675 408
1274 2649 1354 2670 mea
1381 2638 1425 2669 ad
1451 2639 1537 2671 Hor.
1566 2639 1671 2680 epist.

152 2695 185 2726 p.
213 2686 275 2716 146
299 2688 335 2716 et
360 2685 397 2715 in
422 2683 489 2715 hoc
516 2684 606 2715 libro
632 2683 677 2715 ad
704 2683 950 2715 Prociliam
982 2683 1172 2716 adnotata.
1227 2684 1356 2715 Versui
1387 2687 1461 2714 tam
1492 2684 1673 2715 Proelia

152 2739 257 2770 quam
293 2729 437 2760 Prilia
468 2729 666 2767 conuenit.)
699 2727 831 2760 Comm.
851 2729 974 2770 Cruq.
1010 2727 1166 2769 ‘Pyrria]
1198 2737 1328 2759 nomen
1361 2730 1416 2760 est
1448 2728 1604 2760 ancillae
1636 2730 1673 2760 in

152 2774 305 2815 quadam
336 2773 463 2805 fabula
494 2774 641 2812 Titinii,
674 2783 767 2815 quae
799 2773 917 2804 fur-ita
951 2773 1053 2804 lanae
1087 2772 1226 2813 glomus
1256 2773 1310 2804 ita
1335 2774 1513 2814 gestauit
1547 2778 1588 2805 ut
1613 2774 1673 2806 de

154 2818 330 2859 prehensa
348 2811 418 2850 sit.'
511 2817 668 2850 Titinius
694 2819 850 2850 foitasse
878 2818 948 2849 fuit
966 2828 1068 2859 quem
1088 2817 1193 2849 Pauli
1211 2818 1342 2849 Festus
1367 2829 1401 2859 p.
1422 2819 1460 2849 11
1481 2818 1527 2852 M,
1554 2819 1672 2850 affa-

154 2863 230 2893 tim
255 2866 411 2895 testatur
435 2863 607 2894 dixisse‘
615 2873 677 2905 pro
705 2873 746 2894 eo
774 2862 868 2903 quod
895 2866 950 2894 est
967 2862 1011 2893 ad
1039 2861 1320 2902 lassitudinem’,
1346 2863 1407 2894 ubi
1433 2863 1673 2897 Terentius

154 2907 253 2939 codd.
303 2907 359 2940 Cf.
385 2918 494 2952 supra
520 2918 552 2950 p,
577 2910 597 2939 4
623 2908 667 2939 ad
696 2909 775 2940 Liui
803 2908 910 2939 Andr.
936 2908 1006 2939 inc.
1035 2918 1126 2942 nom.
1153 2908 1180 2944 Ι,
