2023 3287
266 237 290 269 ,Q
863 235 934 269 CN.
960 235 1169 268 NAEVIVS

816 337 1248 380 AGRYPNVNTES

969 414 987 455 I
1022 413 1088 470 (1)

306 488 352 525 15
1111 486 1146 526 si
1180 485 1347 539 quidem
1382 483 1448 525 uss
1480 484 1615 537 loqui,

387 561 483 603 Non
505 562 749 616 perdocere,
784 560 900 617 [hau]
924 562 1057 603 multa
1089 563 1217 616 longe
1249 559 1526 615 pr<3micanda
1547 560 1682 601 oratio
1715 561 1788 600 est.

953 638 1001 680 ,ΙΙ
1035 637 1101 693 (2)

388 713 499 754 Nam
532 715 576 754 in
609 715 713 755 cena
745 729 822 755 uos
855 717 1088 756 nocturnos
1121 715 1259 769 coepit
1297 712 1600 768 praemiatores
1631 712 1790 753 t611ere.

900 790 1164 832 APPELLA

970 866 989 907 1
1024 865 1090 922 (2)

388 936 465 978 Cui
499 937 625 990 caepe
659 936 856 977 eslunslod
889 938 1036 978 &culus
1069 938 1177 978 alter
1208 936 1392 991 prdflui’c.

967 1013 1010 1054 II
1043 1012 1109 1069 (1)

387 1083 448 1125 Vt
479 1083 599 1124 illum
632 1083 673 1124 di
705 1083 904 1138 perdant,
937 1082 1013 1137 qui
1042 1084 1222 1138 primam
1256 1084 1414 1125 holitor
1447 1083 1624 1137 pretulit

287 1158 353 1201 19¹
389 1159 590 1214 Caepam!

358 1266 632 1298 AGRYPNVNTES
679 1266 695 1297 1
721 1266 859 1297 Nonius
884 1266 937 1305 65,
963 1268 983 1297 3
1009 1265 1290 1306 ‘promicat-e,
1324 1264 1520 1297 extendere
1548 1269 1583 1297 et
1616 1276 1718 1307 porro
1745 1266 1794 1296 in-

277 1321 376 1350 cere,
401 1312 495 1342 unde
522 1311 691 1343 emicare.
740 1311 902 1341 Naeuius
928 1310 1245 1351 Agrypnuntibus:
1273 1310 1304 1342 si
1329 1310 1487 1350 quidem'
1516 1321 1546 1345 e.
1573 1321 1604 1351 q.
1631 1321 1658 1341 S.

271 1358 304 1388 11
337 1356 474 1388 Nonius
508 1358 588 1395 150,
620 1357 662 1387 22
702 1355 1053 1396 ‘praemiatores
1084 1355 1314 1395 nocturni,
1351 1354 1564 1396 praedones.
1637 1355 1796 1387 Naeuius

271 1401 753 1442 Amnagremnuntius:
781 1403 879 1431 nam’
907 1411 936 1431 e.
964 1410 997 1440 q.
1026 1410 1052 1431 s.
1102 1399 1490 1441 (Agrypnuntibus
1513 1399 1659 1440 Junius)

361 1447 552 1478 APPELLA:
580 1445 670 1477 haec
689 1448 786 1476 certe
807 1448 863 1477 est
888 1444 1061 1476 librorum
1088 1447 1288 1486 scriptura,
1316 1455 1421 1485 quam
1442 1445 1603 1479 seruaui.
1630 1445 1798 1485 quoniam

272 1491 316 1522 (le
349 1494 563 1532 argumento
587 1490 677 1521 nihil
710 1492 866 1521 constat.
916 1489 970 1523 Cf.
999 1490 1114 1521 Labb.
1143 1490 1252 1529 gloss.
1281 1489 1444 1530 ‘appella
1471 1483 1734 1530 λειπόὸερμος’
1762 1493 1798 1520 et

271 1536 400 1570 sehon.
426 1536 464 1567 in
491 1536 578 1568 Hor.
608 1534 717 1566 Serm.
744 1534 760 1565 I
786 1536 819 1575 5,
850 1536 912 1565 100
1004 1535 1020 1565 1
1048 1534 1256 1566 Priscianus
1282 1534 1331 1565 VI
1356 1535 1375 1565 2
1403 1544 1436 1575 p.
1454 1535 1516 1565 681
1544 1535 1584 1565 P.
1611 1535 1797 1575 ‘frequen-

271 1582 342 1612 tior
367 1584 489 1611 tamen
516 1590 602 1611 usus
634 1579 712 1610 hoc
746 1590 852 1619 cepe
888 1579 1049 1619 protulit.
1099 1579 1258 1611 Naeuius
1285 1579 1321 1610 iu
1348 1578 1520 1620 Appella:
1555 1572 1621 1610 cui'
1650 1589 1679 1611 e.
1707 1589 1740 1619 q.
1769 1589 1797 1612 s,

273 1620 438 1657 ‘Nouius'
460 1636 488 1659 e.
508 1635 540 1666 q.
561 1635 587 1656 s.
629 1623 817 1665 (Neuius
837 1623 932 1655 libri.
1030 1623 1214 1666 appella
1241 1623 1325 1655 libri
1352 1623 1503 1665 apella
1530 1623 1585 1655 ed.
1604 1624 1746 1655 Veneta
1767 1624 1797 1662 1)

272 1671 480 1702 Thesaurus
514 1679 594 1701 nou.
625 1669 708 1700 Lat.
740 1669 776 1700 in
806 1668 846 1699 A.
878 1668 954 1699 Mai
987 1672 1080 1700 auct.
1114 1669 1222 1700 class.
1253 1668 1342 1701 VIII
1375 1670 1438 1700 133
1473 1668 1568 1699 ‘hoc
1600 1679 1737 1710 caepe
1762 1669 1799 1700 in

273 1715 453 1756 singulari
484 1715 528 1746 -i-
561 1714 664 1754 unio,
698 1714 793 1745 unde
825 1714 1002 1745 Naeuius:
1038 1709 1106 1745 cui'
1141 1725 1171 1746 e.
1207 1724 1238 1755 q.
1271 1724 1297 1744 s.
1399 1714 1434 1745 11
1466 1713 1673 1745 Priscianus
1704 1713 1755 1745 VI
1780 1714 1799 1745 2

272 1772 304 1801 p.
330 1762 393 1792 681
420 1761 448 1792 Ρ
475 1759 573 1791 ‘hae
600 1769 736 1800 cepae
762 1759 890 1789 harum
918 1769 1105 1800 ceparum,
1133 1758 1299 1801 quamuis
1325 1758 1572 1800 antiquissimi
1604 1759 1641 1789 in
1667 1769 1689 1790 a
1715 1768 1799 1799 quo-

388 1854 438 1891 15
471 1856 524 1890 uis
563 1855 663 1902 loqui
695 1854 857 1890 Bothius
895 1853 993 1900 loqui
1025 1854 1078 1888 uis
1109 1846 1349 1900 libri,''quod
1384 1855 1438 1888 sic
1469 1857 1627 1889 seruari
1658 1856 1799 1900 possit.-

273 1913 301 1946 si
342 1911 483 1958 quiden]
516 1911 613 1957 loqui
645 1910 724 1955 Vis,
763 1908 833 1945 nen
866 1909 994 1945 docere
1114 1910 1162 1944 16
1195 1909 1262 1943 hau
1294 1921 1362 1944 om.
1395 1910 1483 1944 libri
1596 1909 1625 1945 si
1657 1909 1799 1956 quiden]

277 1967 376 2015 loqui
397 1968 472 2012 uis,
505 1978 575 2002 non
598 1965 808 2013 perducere,
830 1965 907 2001 Non
930 1963 1006 2010 (uel
1028 1964 1109 2010 hau)
1132 1965 1241 2000 nuilla
1264 1965 1372 2012 lenge
1393 1976 1426 2012 p.
1451 1966 1603 2000 oratiost
1628 1966 1799 2001 Bueche-

276 2026 402 2067 terus,
438 2025 501 2058 cui
530 2023 644 2058 debeo
675 2022 744 2056 hau
771 2024 935 2067 positum
967 2027 1067 2066 ante,
1101 2022 1202 2068 quod
1228 2026 1313 2067 post
1345 2020 1453 2056 mulla
1484 2023 1703 2057 inseruerat
1730 2022 1799 2057 Βο-

276 2081 374 2115 lln‘us
405 2079 427 2114 2
462 2074 571 2127 (mus.
604 2079 726 2114 Rlzen.
762 2078 793 2113 V
820 2077 924 2122 269).
1045 2077 1094 2112 17
1127 2088 1211 2112 cena
1252 2087 1352 2112 nanc
1396 2079 1537 2123 scripsi
1574 2089 1678 2113 scena
1715 2079 1804 2114 libri

389 2135 642 2182 praeiniutores
662 2133 771 2169 liert.-
804 2134 855 2180 cf.
892 2134 1091 2170 Turnebus
1112 2134 1209 2168 Acta.
1233 2133 1314 2168 XV
1331 2132 1356 2167 4
1473 2133 1801 2179 Synecplwnesin,

276 2203 390 2239 quam
421 2201 558 2226 uersus
594 2192 762 2237 flagyilcct,
802 2202 875 2225 non
915 2193 989 2226 nisi
1025 2192 1169 2225 lacuna
1208 2190 1411 2224 statuenda
1451 2190 1631 2236 effuyies,
1678 2192 1800 2226 uelut:

278 2259 355 2282 nan}
387 2248 422 2281 in
454 2246 539 2281 cena
570 2258 604 2281 u.
639 2258 673 2281 n.
707 2258 736 2281 c.
772 2245 1022 2293 prneiniatores
1046 2274 1052 2280 .
1079 2275 1086 2282 .
1111 2240 1123 2294 ΙΙ
1147 2273 1155 2280 .
1190 2273 1195 2279 .
1230 2273 1238 2280 .
1273 2244 1400 2280 tollere
1432 2247 1512 2281 uel.-
1543 2257 1621 2280 nan}
1653 2246 1687 2281 in
1717 2245 1801 2281 cena

279 2316 311 2338 u.
336 2315 370 2338 n.
395 2304 513 2349 coepit
545 2301 671 2337 tollere
694 2297 707 2351 ΙΙ
732 2329 908 2337 .....
944 2300 1193 2348 praeiniatores
1227 2329 1232 2335 .
1267 2328 1274 2335 .
1362 2300 1519 2336 Dubitat
1541 2302 1804 2338 CFWMatter

273 2361 428 2405 prosed.
467 2359 595 2394 Plctut.
637 2357 716 2393 4433
756 2369 811 2405 sq.
942 2359 988 2393 1&
1021 2369 1126 2404 caepe
1168 2358 1392 2402 thesaurus,
1434 2357 1567 2393 Bamb.
1608 2358 1805 2393 Prisciani

278 2425 363 2484 cepe
396 2437 512 2484 Sangy.
546 2447 657 2483 coepe
680 2437 788 2472 Grut.
819 2448 905 2483 cepe
937 2438 1058 2473 ceteri
1171 2435 1337 2471 edundod
1363 2437 1627 2472 Bueelzelerzts
1657 2438 1802 2472 annall.

276 2495 419 2540 plziloll.
457 2493 561 2529 1867
601 2504 639 2538 p.
674 2492 747 2537 68,
789 2493 969 2538 probauit
1011 2491 1243 2527 Ritsehelius
1280 2503 1371 2528 ηοω·
1408 2502 1492 2528 exe.
1532 2492 1660 2527 Plaut.
1700 2488 1803 2528 1'65

279 2549 420 2585 edundo
453 2550 568 2596 Sany.
602 2548 714 2584 Halo.
747 2549 942 2584 Prisciani
970 2547 1107 2584 edendo
1140 2549 1359 2594 thesaurus,
1392 2548 1483 2595 Req.
1515 2548 1649 2584 Bamb.
1686 2548 1802 2584 Bern.

279 2607 423 2642 Amien.
457 2611 491 2640 et
523 2616 624 2641 corr.
657 2616 675 2639 e
707 2615 758 2640 ex
789 2615 811 2639 u
843 2605 949 2641 Grut.
983 2604 1147 2640 Carotz‘r.
1180 2604 1375 2640 Prisciani
1473 2603 1596 2639 oculos
1629 2604 1745 2649 Sany.

284 2662 374 2697 Olim
405 2663 663 2708 septenarium
686 2661 934 2706 trochaicum,
967 2662 1030 2696 cui
1048 2661 1096 2696 ab
1117 2659 1222 2696 initio
1245 2661 1412 2696 creticus
1441 2661 1606 2701 deesset,
1646 2665 1682 2695 et
1702 2660 1804 2695 hune

282 2723 507 2754 notaueram
530 2722 565 2753 et
584 2728 620 2752 u.
646 2717 694 2753 19
719 2721 758 2752 ut
790 2718 841 2753 ad
860 2718 1019 2752 eandem
1040 2727 1219 2752 scaenam
1248 2719 1497 2762 pertinentes.
1568 2712 1745 2764 [Hialutn
1767 2719 1802 2751 in

279 2774 569 2819 penthemimeri
588 2775 737 2808 senarii
752 2773 862 2819 fouet
884 2773 1077 2820 Berylsius
1098 2774 1244 2808 annall.
1262 2773 1407 2818 philoll.
1435 2771 1543 2807 1870
1561 2783 1600 2817 p.
1625 2768 1724 2820 826]

286 2829 335 2865 19
368 2830 515 2875 Recepi
544 2841 646 2865 nunc
677 2830 778 2876 quod
812 2831 914 2865 inter
944 2831 1021 2865 alia
1050 2830 1252 2875 proposuit
1281 2828 1491 2864 Muellerus
1520 2829 1545 2862 t.
1576 2829 1601 2862 l.
1695 2827 1804 2871 illam,

284 2897 352 2920 am.
377 2890 438 2930 ut,
462 2897 573 2921 anon.
603 2886 718 2920 Bern.
798 2885 833 2919 di
853 2884 1002 2932 perdant
1025 2887 1084 2921 uel
1105 2884 1139 2920 di
1163 2895 1284 2920 omnes
1305 2883 1456 2932 perdant
1478 2885 1538 2919 uel
1558 2882 1591 2918 di
1621 2883 1805 2919 infelicent
