<?xml version="1.0" encoding="UTF-8"?>
<!DOCTYPE html PUBLIC "-//W3C//DTD XHTML 1.0 Transitional//EN"
    "http://www.w3.org/TR/xhtml1/DTD/xhtml1-transitional.dtd">
<html xmlns="http://www.w3.org/1999/xhtml" xml:lang="en" lang="en">
 <head>
  <title>
</title>
<meta http-equiv="Content-Type" content="text/html;charset=utf-8" />
  <meta name='ocr-system' content='tesseract 3.04.00' />
  <meta name='ocr-capabilities' content='ocr_page ocr_carea ocr_par ocr_line ocrx_word'/>
</head>
<body>
  <div class='ocr_page' id='page_1' title='image "./scaenicaeromano02ribbuoft_0614.png"; bbox 0 0 2023 3287; ppageno 0'>
   <div class='ocr_carea' id='block_1_1' title="bbox 223 1695 496 1727">
    <p class='ocr_par' dir='ltr' id='par_1_1' title="bbox 223 1695 496 1727">
     <span class='ocr_line' id='line_1_1' title="bbox 223 1695 496 1727; baseline 0.007 -2"><span class='ocrx_word' id='word_1_1' title='bbox 223 1700 227 1704; x_wconf 94' lang='lat'>&#39;</span> <span class='ocrx_word' id='word_1_2' title='bbox 291 1695 430 1727; x_wconf 82' lang='lat' dir='ltr'>diuitiis</span> <span class='ocrx_word' id='word_1_3' title='bbox 457 1720 462 1726; x_wconf 87' lang='lat'>.</span> <span class='ocrx_word' id='word_1_4' title='bbox 489 1720 496 1727; x_wconf 90' lang='lat'><strong>.</strong></span> 
     </span>
    </p>
   </div>
   <div class='ocr_carea' id='block_1_2' title="bbox 362 804 1677 957">
    <p class='ocr_par' dir='ltr' id='par_1_2' title="bbox 362 804 1677 957">
     <span class='ocr_line' id='line_1_2' title="bbox 362 804 1375 864; baseline 0.002 -14"><span class='ocrx_word' id='word_1_5' title='bbox 362 861 367 864; x_wconf 44' lang='grc'><strong>,</strong></span> <span class='ocrx_word' id='word_1_6' title='bbox 794 804 994 852; x_wconf 84' lang='lat' dir='ltr'>INDEX</span> <span class='ocrx_word' id='word_1_7' title='bbox 1033 805 1375 852; x_wconf 79' lang='lat' dir='ltr'>VERBORVM</span> 
     </span>
     <span class='ocr_line' id='line_1_3' title="bbox 428 907 1677 957; baseline -0.001 0"><span class='ocrx_word' id='word_1_8' title='bbox 428 910 515 957; x_wconf 87' lang='lat' dir='ltr'>AD</span> <span class='ocrx_word' id='word_1_9' title='bbox 553 908 697 955; x_wconf 78' lang='lat' dir='ltr'>SYRI</span> <span class='ocrx_word' id='word_1_10' title='bbox 728 907 1120 955; x_wconf 73' lang='lat' dir='ltr'>SENTENTIAS</span> <span class='ocrx_word' id='word_1_11' title='bbox 1154 908 1233 954; x_wconf 84' lang='lat' dir='ltr'>ET</span> <span class='ocrx_word' id='word_1_12' title='bbox 1269 908 1677 956; x_wconf 77' lang='lat' dir='ltr'><strong>APPENDICEM</strong></span> 
     </span>
    </p>
   </div>
   <div class='ocr_carea' id='block_1_3' title="bbox 287 1058 1032 2891">
    <p class='ocr_par' dir='ltr' id='par_1_3' title="bbox 291 1058 1032 1147">
     <span class='ocr_line' id='line_1_4' title="bbox 291 1058 1032 1099; baseline -0.004 -7"><span class='ocrx_word' id='word_1_13' title='bbox 291 1058 325 1092; x_wconf 76' lang='lat' dir='ltr'><em>A</em></span> <span class='ocrx_word' id='word_1_14' title='bbox 343 1060 524 1092; x_wconf 83' lang='lat' dir='ltr'>secundus</span> <span class='ocrx_word' id='word_1_15' title='bbox 550 1071 571 1090; x_wconf 80' lang='lat' dir='ltr'>a</span> <span class='ocrx_word' id='word_1_16' title='bbox 597 1061 710 1090; x_wconf 82' lang='lat' dir='ltr'>matre</span> <span class='ocrx_word' id='word_1_17' title='bbox 729 1059 794 1090; x_wconf 88' lang='lat'>600</span> <span class='ocrx_word' id='word_1_18' title='bbox 820 1058 986 1099; x_wconf 85' lang='lat' dir='ltr'>superari</span> <span class='ocrx_word' id='word_1_19' title='bbox 1010 1069 1032 1089; x_wconf 85' lang='lat' dir='ltr'>a</span> 
     </span>
     <span class='ocr_line' id='line_1_5' title="bbox 336 1105 611 1147; baseline -0.004 -10"><span class='ocrx_word' id='word_1_20' title='bbox 336 1105 523 1147; x_wconf 76' lang='lat' dir='ltr'>superiore</span> <span class='ocrx_word' id='word_1_21' title='bbox 549 1106 611 1137; x_wconf 92' lang='lat'>681</span> 
     </span>
    </p>

    <p class='ocr_par' dir='ltr' id='par_1_4' title="bbox 291 1147 1031 1317">
     <span class='ocr_line' id='line_1_6' title="bbox 291 1147 1031 1191; baseline -0.005 -9"><span class='ocrx_word' id='word_1_22' title='bbox 291 1150 343 1182; x_wconf 86' lang='lat' dir='ltr'>ab</span> <span class='ocrx_word' id='word_1_23' title='bbox 371 1151 442 1182; x_wconf 81' lang='lat' dir='ltr'>alio</span> <span class='ocrx_word' id='word_1_24' title='bbox 470 1152 640 1191; x_wconf 73' lang='lat' dir='ltr'>expectes</span> <span class='ocrx_word' id='word_1_25' title='bbox 658 1151 676 1179; x_wconf 90' lang='grc'><strong>2</strong></span> <span class='ocrx_word' id='word_1_26' title='bbox 705 1148 749 1180; x_wconf 86' lang='lat' dir='ltr'>ab</span> <span class='ocrx_word' id='word_1_27' title='bbox 769 1150 914 1179; x_wconf 87' lang='lat' dir='ltr'>amante</span> <span class='ocrx_word' id='word_1_28' title='bbox 940 1147 1031 1179; x_wconf 88' lang='lat' dir='ltr'>redi-</span> 
     </span>
     <span class='ocr_line' id='line_1_7' title="bbox 336 1193 1031 1234; baseline -0.003 -8"><span class='ocrx_word' id='word_1_29' title='bbox 336 1206 413 1227; x_wconf 87' lang='lat' dir='ltr'>mas</span> <span class='ocrx_word' id='word_1_30' title='bbox 432 1197 472 1227; x_wconf 89' lang='lat'>19</span> <span class='ocrx_word' id='word_1_31' title='bbox 500 1196 544 1227; x_wconf 87' lang='lat' dir='ltr'>ab</span> <span class='ocrx_word' id='word_1_32' title='bbox 564 1194 708 1226; x_wconf 89' lang='lat' dir='ltr'>homine</span> <span class='ocrx_word' id='word_1_33' title='bbox 728 1219 755 1224; x_wconf 89' lang='lat'>..</span> <span class='ocrx_word' id='word_1_34' title='bbox 777 1193 948 1234; x_wconf 77' lang='lat' dir='ltr'>impetrat</span> <span class='ocrx_word' id='word_1_35' title='bbox 965 1194 1031 1224; x_wconf 83' lang='lat'>403</span> 
     </span>
     <span class='ocr_line' id='line_1_8' title="bbox 337 1237 1030 1272; baseline -0.006 0"><span class='ocrx_word' id='word_1_36' title='bbox 337 1241 382 1272; x_wconf 86' lang='lat' dir='ltr'>ab</span> <span class='ocrx_word' id='word_1_37' title='bbox 409 1240 516 1272; x_wconf 86' lang='lat' dir='ltr'>oculo</span> <span class='ocrx_word' id='word_1_38' title='bbox 543 1240 656 1272; x_wconf 86' lang='lat' dir='ltr'>oritur</span> <span class='ocrx_word' id='word_1_39' title='bbox 675 1240 718 1270; x_wconf 80' lang='grc'><strong>40</strong></span> <span class='ocrx_word' id='word_1_40' title='bbox 744 1239 789 1269; x_wconf 86' lang='lat' dir='ltr'>ab</span> <span class='ocrx_word' id='word_1_41' title='bbox 817 1239 885 1269; x_wconf 88' lang='lat' dir='ltr'>imo</span> <span class='ocrx_word' id='word_1_42' title='bbox 912 1237 1030 1268; x_wconf 80' lang='lat' dir='ltr'>nasci-</span> 
     </span>
     <span class='ocr_line' id='line_1_9' title="bbox 337 1283 839 1317; baseline -0.004 -1"><span class='ocrx_word' id='word_1_43' title='bbox 337 1289 394 1317; x_wconf 85' lang='lat' dir='ltr'>tur</span> <span class='ocrx_word' id='word_1_44' title='bbox 419 1287 484 1317; x_wconf 65' lang='lat'>543</span> <span class='ocrx_word' id='word_1_45' title='bbox 509 1285 554 1316; x_wconf 87' lang='lat' dir='ltr'>ab</span> <span class='ocrx_word' id='word_1_46' title='bbox 582 1295 624 1316; x_wconf 92' lang='lat' dir='ltr'>eo</span> <span class='ocrx_word' id='word_1_47' title='bbox 650 1283 751 1315; x_wconf 81' lang='lat' dir='ltr'>laedi</span> <span class='ocrx_word' id='word_1_48' title='bbox 774 1285 839 1315; x_wconf 78' lang='grc'>209</span> 
     </span>
    </p>

    <p class='ocr_par' dir='ltr' id='par_1_5' title="bbox 291 1330 713 1362">
     <span class='ocr_line' id='line_1_10' title="bbox 291 1330 713 1362; baseline -0.009 0"><span class='ocrx_word' id='word_1_49' title='bbox 291 1330 472 1362; x_wconf 85' lang='lat' dir='ltr'>abditos</span> <span class='ocrx_word' id='word_1_50' title='bbox 497 1330 625 1361; x_wconf 75' lang='lat' dir='ltr'>dentes·</span> <span class='ocrx_word' id='word_1_51' title='bbox 650 1330 713 1361; x_wconf 71' lang='lat'>341</span> 
     </span>
    </p>

    <p class='ocr_par' dir='ltr' id='par_1_6' title="bbox 290 1374 759 1406">
     <span class='ocr_line' id='line_1_11' title="bbox 290 1374 759 1406; baseline -0.004 0"><span class='ocrx_word' id='word_1_52' title='bbox 290 1376 412 1406; x_wconf 84' lang='lat' dir='ltr'>anima</span> <span class='ocrx_word' id='word_1_53' title='bbox 437 1375 530 1406; x_wconf 88' lang='lat' dir='ltr'>unde</span> <span class='ocrx_word' id='word_1_54' title='bbox 558 1374 672 1405; x_wconf 86' lang='lat' dir='ltr'>abiit</span> <span class='ocrx_word' id='word_1_55' title='bbox 701 1375 759 1405; x_wconf 83' lang='lat'>181</span> 
     </span>
    </p>

    <p class='ocr_par' dir='ltr' id='par_1_7' title="bbox 291 1418 548 1452">
     <span class='ocr_line' id='line_1_12' title="bbox 291 1418 548 1452; baseline 0 -1"><span class='ocrx_word' id='word_1_56' title='bbox 291 1421 475 1452; x_wconf 83' lang='lat' dir='ltr'>abicere</span> <span class='ocrx_word' id='word_1_57' title='bbox 502 1418 548 1451; x_wconf 74' lang='lat'>9*</span> 
     </span>
    </p>

    <p class='ocr_par' dir='ltr' id='par_1_8' title="bbox 291 1464 624 1496">
     <span class='ocr_line' id='line_1_13' title="bbox 291 1464 624 1496; baseline -0.003 -1"><span class='ocrx_word' id='word_1_58' title='bbox 291 1465 535 1496; x_wconf 71' lang='lat' dir='ltr'>abscondit</span> <span class='ocrx_word' id='word_1_59' title='bbox 561 1464 624 1495; x_wconf 86' lang='grc'>387</span> 
     </span>
    </p>

    <p class='ocr_par' dir='ltr' id='par_1_9' title="bbox 290 1508 799 1541">
     <span class='ocr_line' id='line_1_14' title="bbox 290 1508 799 1541; baseline -0.004 -1"><span class='ocrx_word' id='word_1_60' title='bbox 290 1520 426 1541; x_wconf 76' lang='lat' dir='ltr'>nocens</span> <span class='ocrx_word' id='word_1_61' title='bbox 454 1508 710 1541; x_wconf 87' lang='lat' dir='ltr'>absoluitur</span> <span class='ocrx_word' id='word_1_62' title='bbox 736 1509 799 1539; x_wconf 82' lang='grc'>257</span> 
     </span>
    </p>

    <p class='ocr_par' dir='ltr' id='par_1_10' title="bbox 290 1551 933 1596">
     <span class='ocr_line' id='line_1_15' title="bbox 290 1551 933 1596; baseline -0.006 -10"><span class='ocrx_word' id='word_1_63' title='bbox 290 1556 458 1596; x_wconf 81' lang='lat' dir='ltr'>absque</span> <span class='ocrx_word' id='word_1_64' title='bbox 485 1553 711 1586; x_wconf 85' lang='lat' dir='ltr'>incommodo</span> <span class='ocrx_word' id='word_1_65' title='bbox 736 1561 821 1593; x_wconf 73' lang='lat' dir='ltr'>app.</span> <span class='ocrx_word' id='word_1_66' title='bbox 851 1551 933 1583; x_wconf 84' lang='grc' dir='ltr'>177ι</span> 
     </span>
    </p>

    <p class='ocr_par' dir='ltr' id='par_1_11' title="bbox 289 1597 879 1642">
     <span class='ocr_line' id='line_1_16' title="bbox 289 1597 879 1642; baseline -0.007 -10"><span class='ocrx_word' id='word_1_67' title='bbox 289 1611 446 1642; x_wconf 78' lang='lat' dir='ltr'>peccare</span> <span class='ocrx_word' id='word_1_68' title='bbox 472 1600 653 1632; x_wconf 81' lang='lat' dir='ltr'>abstine</span> <span class='ocrx_word' id='word_1_69' title='bbox 679 1606 763 1638; x_wconf 67' lang='lat' dir='ltr'>capp.</span> <span class='ocrx_word' id='word_1_70' title='bbox 789 1597 879 1629; x_wconf 79' lang='grc'><strong>270*</strong></span> 
     </span>
    </p>

    <p class='ocr_par' dir='ltr' id='par_1_12' title="bbox 289 1646 986 1687">
     <span class='ocr_line' id='line_1_17' title="bbox 289 1646 986 1687; baseline -0.004 -5"><span class='ocrx_word' id='word_1_71' title='bbox 289 1651 454 1682; x_wconf 78' lang='lat' dir='ltr'>absens</span> <span class='ocrx_word' id='word_1_72' title='bbox 479 1652 544 1682; x_wconf 73' lang='grc'>476</span> <span class='ocrx_word' id='word_1_73' title='bbox 573 1650 760 1680; x_wconf 81' lang='lat' dir='ltr'>absentem</span> <span class='ocrx_word' id='word_1_74' title='bbox 789 1650 827 1679; x_wconf 83' lang='grc'>12</span> <span class='ocrx_word' id='word_1_75' title='bbox 848 1646 894 1687; x_wconf 71' lang='lat'>(22)</span> <span class='ocrx_word' id='word_1_76' title='bbox 921 1649 986 1679; x_wconf 80' lang='lat'>673</span> 
     </span>
    </p>

    <p class='ocr_par' dir='ltr' id='par_1_13' title="bbox 525 1694 913 1734">
     <span class='ocr_line' id='line_1_18' title="bbox 525 1694 913 1734; baseline -0.003 -8"><span class='ocrx_word' id='word_1_77' title='bbox 525 1695 712 1726; x_wconf 75' lang='lat' dir='ltr'>abutere</span> <span class='ocrx_word' id='word_1_78' title='bbox 737 1702 822 1734; x_wconf 70' lang='lat' dir='ltr'>app.</span> <span class='ocrx_word' id='word_1_79' title='bbox 852 1694 913 1725; x_wconf 88' lang='lat'>158</span> 
     </span>
    </p>

    <p class='ocr_par' dir='ltr' id='par_1_14' title="bbox 289 1741 579 1772">
     <span class='ocr_line' id='line_1_19' title="bbox 289 1741 579 1772; baseline -0.003 0"><span class='ocrx_word' id='word_1_80' title='bbox 289 1741 490 1772; x_wconf 86' lang='lat' dir='ltr'>accessit</span> <span class='ocrx_word' id='word_1_81' title='bbox 518 1741 579 1771; x_wconf 82' lang='lat'>141</span> 
     </span>
    </p>

    <p class='ocr_par' dir='ltr' id='par_1_15' title="bbox 290 1789 1030 1867">
     <span class='ocr_line' id='line_1_20' title="bbox 290 1789 1030 1823; baseline -0.005 0"><span class='ocrx_word' id='word_1_82' title='bbox 290 1790 458 1822; x_wconf 82' lang='lat' dir='ltr'>accidit</span> <span class='ocrx_word' id='word_1_83' title='bbox 478 1792 541 1823; x_wconf 87' lang='grc'>199</span> <span class='ocrx_word' id='word_1_84' title='bbox 568 1789 665 1821; x_wconf 89' lang='lat' dir='ltr'>bona</span> <span class='ocrx_word' id='word_1_85' title='bbox 692 1789 863 1821; x_wconf 84' lang='lat' dir='ltr'>accidunt</span> <span class='ocrx_word' id='word_1_86' title='bbox 880 1789 946 1820; x_wconf 72' lang='grc'>72*</span> <span class='ocrx_word' id='word_1_87' title='bbox 971 1799 1030 1820; x_wconf 90' lang='lat' dir='ltr'>ac-</span> 
     </span>
     <span class='ocr_line' id='line_1_21' title="bbox 335 1836 549 1867; baseline 0 0"><span class='ocrx_word' id='word_1_88' title='bbox 335 1836 458 1867; x_wconf 80' lang='lat' dir='ltr'>cidere</span> <span class='ocrx_word' id='word_1_89' title='bbox 487 1837 549 1867; x_wconf 88' lang='lat'>119</span> 
     </span>
    </p>

    <p class='ocr_par' dir='ltr' id='par_1_16' title="bbox 290 1884 1030 2286">
     <span class='ocr_line' id='line_1_22' title="bbox 290 1884 1030 1928; baseline -0.003 -12"><span class='ocrx_word' id='word_1_90' title='bbox 290 1887 466 1928; x_wconf 82' lang='lat' dir='ltr'>accipit</span> <span class='ocrx_word' id='word_1_91' title='bbox 490 1895 574 1927; x_wconf 68' lang='lat' dir='ltr'>app.</span> <span class='ocrx_word' id='word_1_92' title='bbox 602 1886 663 1917; x_wconf 79' lang='lat'>321</span> <span class='ocrx_word' id='word_1_93' title='bbox 690 1884 806 1927; x_wconf 80' lang='lat' dir='ltr'>legem</span> <span class='ocrx_word' id='word_1_94' title='bbox 826 1911 832 1918; x_wconf 94' lang='lat'><strong><em>.</em></strong></span> <span class='ocrx_word' id='word_1_95' title='bbox 856 1910 862 1916; x_wconf 93' lang='lat'><strong>.</strong></span> <span class='ocrx_word' id='word_1_96' title='bbox 891 1885 1030 1924; x_wconf 88' lang='lat' dir='ltr'>accipit</span> 
     </span>
     <span class='ocr_line' id='line_1_23' title="bbox 333 1931 1029 1972; baseline -0.004 -9"><span class='ocrx_word' id='word_1_97' title='bbox 333 1933 398 1964; x_wconf 86' lang='lat'>399</span> <span class='ocrx_word' id='word_1_98' title='bbox 424 1931 642 1963; x_wconf 88' lang='lat' dir='ltr'>beneficium</span> <span class='ocrx_word' id='word_1_99' title='bbox 661 1954 668 1960; x_wconf 88' lang='lat'>.</span> <span class='ocrx_word' id='word_1_100' title='bbox 687 1954 694 1961; x_wconf 96' lang='lat'>.</span> <span class='ocrx_word' id='word_1_101' title='bbox 722 1931 856 1972; x_wconf 85' lang='lat' dir='ltr'>accipit</span> <span class='ocrx_word' id='word_1_102' title='bbox 882 1931 947 1960; x_wconf 79' lang='grc'>444</span> <span class='ocrx_word' id='word_1_103' title='bbox 964 1931 1029 1961; x_wconf 79' lang='grc'><strong>493</strong></span> 
     </span>
     <span class='ocr_line' id='line_1_24' title="bbox 334 1975 1029 2018; baseline -0.006 -10"><span class='ocrx_word' id='word_1_104' title='bbox 334 1977 474 2018; x_wconf 85' lang='lat' dir='ltr'>pericla</span> <span class='ocrx_word' id='word_1_105' title='bbox 502 2000 508 2007; x_wconf 94' lang='lat'>.</span> <span class='ocrx_word' id='word_1_106' title='bbox 538 2001 545 2007; x_wconf 90' lang='lat'><strong>.</strong></span> <span class='ocrx_word' id='word_1_107' title='bbox 572 1976 711 2017; x_wconf 86' lang='lat' dir='ltr'>accipit</span> <span class='ocrx_word' id='word_1_108' title='bbox 734 1976 799 2007; x_wconf 86' lang='lat'>499</span> <span class='ocrx_word' id='word_1_109' title='bbox 842 1975 1029 2006; x_wconf 85' lang='lat' dir='ltr'>calamita-</span> 
     </span>
     <span class='ocr_line' id='line_1_25' title="bbox 334 2019 1029 2061; baseline -0.004 -9"><span class='ocrx_word' id='word_1_110' title='bbox 334 2027 405 2052; x_wconf 88' lang='lat' dir='ltr'>tem</span> <span class='ocrx_word' id='word_1_111' title='bbox 432 2047 438 2053; x_wconf 90' lang='lat'><strong><em>.</em></strong></span> <span class='ocrx_word' id='word_1_112' title='bbox 466 2046 472 2053; x_wconf 90' lang='lat'>.</span> <span class='ocrx_word' id='word_1_113' title='bbox 505 2020 641 2061; x_wconf 82' lang='lat' dir='ltr'>accipit</span> <span class='ocrx_word' id='word_1_114' title='bbox 670 2021 735 2052; x_wconf 93' lang='lat'>503</span> <span class='ocrx_word' id='word_1_115' title='bbox 775 2019 1029 2051; x_wconf 74' lang='lat' dir='ltr'>contumeliam</span> 
     </span>
     <span class='ocr_line' id='line_1_26' title="bbox 336 2064 1028 2107; baseline -0.003 -10"><span class='ocrx_word' id='word_1_116' title='bbox 336 2094 342 2100; x_wconf 83' lang='lat'><strong>.</strong></span> <span class='ocrx_word' id='word_1_117' title='bbox 371 2090 379 2097; x_wconf 90' lang='lat'><strong>.</strong></span> <span class='ocrx_word' id='word_1_118' title='bbox 407 2066 544 2107; x_wconf 85' lang='lat' dir='ltr'>accipit</span> <span class='ocrx_word' id='word_1_119' title='bbox 568 2073 652 2106; x_wconf 74' lang='lat' dir='ltr'>app.</span> <span class='ocrx_word' id='word_1_120' title='bbox 671 2067 733 2096; x_wconf 91' lang='grc'><strong>271</strong></span> <span class='ocrx_word' id='word_1_121' title='bbox 762 2064 977 2095; x_wconf 89' lang='lat' dir='ltr'>beneficium</span> <span class='ocrx_word' id='word_1_122' title='bbox 995 2088 1001 2095; x_wconf 93' lang='lat'><strong>.</strong></span> <span class='ocrx_word' id='word_1_123' title='bbox 1021 2087 1028 2095; x_wconf 89' lang='lat'><strong><em>.</em></strong></span> 
     </span>
     <span class='ocr_line' id='line_1_27' title="bbox 333 2109 1029 2152; baseline -0.004 -10"><span class='ocrx_word' id='word_1_124' title='bbox 333 2112 477 2152; x_wconf 85' lang='lat' dir='ltr'>accepit</span> <span class='ocrx_word' id='word_1_125' title='bbox 493 2111 535 2142; x_wconf 92' lang='lat'>55</span> <span class='ocrx_word' id='word_1_126' title='bbox 562 2111 734 2150; x_wconf 87' lang='lat' dir='ltr'>accipere</span> <span class='ocrx_word' id='word_1_127' title='bbox 753 2111 816 2141; x_wconf 89' lang='grc'><strong>172</strong></span> <span class='ocrx_word' id='word_1_128' title='bbox 833 2111 898 2141; x_wconf 91' lang='grc'>573</span> <span class='ocrx_word' id='word_1_129' title='bbox 920 2109 1029 2140; x_wconf 89' lang='lat' dir='ltr'>bene-</span> 
     </span>
     <span class='ocr_line' id='line_1_28' title="bbox 334 2154 1027 2196; baseline -0.003 -10"><span class='ocrx_word' id='word_1_130' title='bbox 334 2155 454 2187; x_wconf 88' lang='lat' dir='ltr'>ficium</span> <span class='ocrx_word' id='word_1_131' title='bbox 473 2156 641 2196; x_wconf 84' lang='lat' dir='ltr'>accipere</span> <span class='ocrx_word' id='word_1_132' title='bbox 658 2156 702 2186; x_wconf 87' lang='lat'>48</span> <span class='ocrx_word' id='word_1_133' title='bbox 726 2154 840 2185; x_wconf 87' lang='lat' dir='ltr'>uitam</span> <span class='ocrx_word' id='word_1_134' title='bbox 861 2154 1027 2194; x_wconf 87' lang='lat' dir='ltr'>accipere</span> 
     </span>
     <span class='ocr_line' id='line_1_29' title="bbox 333 2198 1027 2242; baseline 0 -10"><span class='ocrx_word' id='word_1_135' title='bbox 333 2203 396 2232; x_wconf 86' lang='grc'>231</span> <span class='ocrx_word' id='word_1_136' title='bbox 435 2201 622 2242; x_wconf 85' lang='lat' dir='ltr'>accepisse</span> <span class='ocrx_word' id='word_1_137' title='bbox 646 2198 738 2231; x_wconf 80' lang='lat'>479*</span> <span class='ocrx_word' id='word_1_138' title='bbox 776 2201 919 2241; x_wconf 82' lang='lat' dir='ltr'>accepti</span> <span class='ocrx_word' id='word_1_139' title='bbox 944 2207 1027 2239; x_wconf 75' lang='lat' dir='ltr'>app.</span> 
     </span>
     <span class='ocr_line' id='line_1_30' title="bbox 335 2245 1028 2286; baseline -0.003 -10"><span class='ocrx_word' id='word_1_140' title='bbox 335 2247 398 2278; x_wconf 87' lang='lat'>188</span> <span class='ocrx_word' id='word_1_141' title='bbox 416 2245 603 2277; x_wconf 83' lang='lat' dir='ltr'>beneficiis</span> <span class='ocrx_word' id='word_1_142' title='bbox 622 2270 628 2275; x_wconf 92' lang='lat'><em>.</em></span> <span class='ocrx_word' id='word_1_143' title='bbox 645 2270 651 2276; x_wconf 92' lang='lat'>.</span> <span class='ocrx_word' id='word_1_144' title='bbox 671 2246 834 2286; x_wconf 87' lang='lat' dir='ltr'>acceptis</span> <span class='ocrx_word' id='word_1_145' title='bbox 851 2252 935 2285; x_wconf 77' lang='lat' dir='ltr'>app.</span> <span class='ocrx_word' id='word_1_146' title='bbox 964 2245 1028 2275; x_wconf 81' lang='grc'>237</span> 
     </span>
    </p>

    <p class='ocr_par' dir='ltr' id='par_1_17' title="bbox 289 2294 983 2337">
     <span class='ocr_line' id='line_1_31' title="bbox 289 2294 983 2337; baseline -0.003 -9"><span class='ocrx_word' id='word_1_147' title='bbox 289 2296 522 2337; x_wconf 83' lang='lat' dir='ltr'>acceptius</span> <span class='ocrx_word' id='word_1_148' title='bbox 550 2294 769 2327; x_wconf 86' lang='lat' dir='ltr'>beneficium</span> <span class='ocrx_word' id='word_1_149' title='bbox 786 2304 870 2336; x_wconf 74' lang='lat' dir='ltr'>app.</span> <span class='ocrx_word' id='word_1_150' title='bbox 889 2294 983 2326; x_wconf 68' lang='grc'><strong>238*</strong></span> 
     </span>
    </p>

    <p class='ocr_par' dir='ltr' id='par_1_18' title="bbox 287 2346 1028 2469">
     <span class='ocr_line' id='line_1_32' title="bbox 287 2346 1028 2389; baseline 0 -11"><span class='ocrx_word' id='word_1_151' title='bbox 287 2348 456 2389; x_wconf 73' lang='lat' dir='ltr'>peccanti</span> <span class='ocrx_word' id='word_1_152' title='bbox 483 2346 697 2386; x_wconf 86' lang='lat' dir='ltr'>obsequium</span> <span class='ocrx_word' id='word_1_153' title='bbox 723 2346 1028 2378; x_wconf 80' lang='lat' dir='ltr'>accommodas</span> 
     </span>
     <span class='ocr_line' id='line_1_33' title="bbox 332 2391 1028 2433; baseline -0.004 -9"><span class='ocrx_word' id='word_1_154' title='bbox 332 2393 373 2424; x_wconf 86' lang='grc'><strong>52</strong></span> <span class='ocrx_word' id='word_1_155' title='bbox 406 2392 543 2423; x_wconf 83' lang='lat' dir='ltr'>erranti</span> <span class='ocrx_word' id='word_1_156' title='bbox 575 2391 790 2433; x_wconf 85' lang='lat' dir='ltr'>obsequium</span> <span class='ocrx_word' id='word_1_157' title='bbox 827 2391 1028 2422; x_wconf 83' lang='lat' dir='ltr'>adcommo-</span> 
     </span>
     <span class='ocr_line' id='line_1_34' title="bbox 332 2437 463 2469; baseline 0.008 -1"><span class='ocrx_word' id='word_1_158' title='bbox 332 2437 396 2468; x_wconf 85' lang='lat' dir='ltr'>dat</span> <span class='ocrx_word' id='word_1_159' title='bbox 420 2439 463 2469; x_wconf 89' lang='lat'>37</span> 
     </span>
    </p>

    <p class='ocr_par' dir='ltr' id='par_1_19' title="bbox 287 2481 1028 2568">
     <span class='ocr_line' id='line_1_35' title="bbox 287 2481 1028 2514; baseline -0.001 -1"><span class='ocrx_word' id='word_1_160' title='bbox 287 2485 472 2514; x_wconf 85' lang='lat' dir='ltr'>accusat</span> <span class='ocrx_word' id='word_1_161' title='bbox 512 2483 578 2513; x_wconf 76' lang='grc'><strong>264</strong></span> <span class='ocrx_word' id='word_1_162' title='bbox 618 2483 682 2514; x_wconf 87' lang='grc'>672</span> <span class='ocrx_word' id='word_1_163' title='bbox 722 2481 789 2513; x_wconf 76' lang='grc'><strong>’692</strong></span> <span class='ocrx_word' id='word_1_164' title='bbox 841 2482 1028 2513; x_wconf 84' lang='lat' dir='ltr'>accusaris</span> 
     </span>
     <span class='ocr_line' id='line_1_36' title="bbox 331 2528 484 2568; baseline -0.007 -9"><span class='ocrx_word' id='word_1_165' title='bbox 331 2535 416 2568; x_wconf 71' lang='lat' dir='ltr'>app.</span> <span class='ocrx_word' id='word_1_166' title='bbox 443 2528 484 2559; x_wconf 88' lang='lat'>15</span> 
     </span>
    </p>

    <p class='ocr_par' dir='ltr' id='par_1_20' title="bbox 288 2578 763 2610">
     <span class='ocr_line' id='line_1_37' title="bbox 288 2578 763 2610; baseline 0 -1"><span class='ocrx_word' id='word_1_167' title='bbox 288 2578 406 2610; x_wconf 85' lang='lat' dir='ltr'>facias</span> <span class='ocrx_word' id='word_1_168' title='bbox 432 2578 585 2610; x_wconf 88' lang='lat' dir='ltr'>acrius</span> <span class='ocrx_word' id='word_1_169' title='bbox 611 2578 674 2609; x_wconf 89' lang='grc'>252</span> <span class='ocrx_word' id='word_1_170' title='bbox 701 2579 763 2610; x_wconf 91' lang='grc'>331</span> 
     </span>
    </p>

    <p class='ocr_par' dir='ltr' id='par_1_21' title="bbox 288 2627 1028 2750">
     <span class='ocr_line' id='line_1_38' title="bbox 288 2627 1025 2660; baseline 0 -1"><span class='ocrx_word' id='word_1_171' title='bbox 288 2628 482 2660; x_wconf 86' lang='lat' dir='ltr'>acerbus</span> <span class='ocrx_word' id='word_1_172' title='bbox 507 2629 572 2660; x_wconf 87' lang='lat'>568</span> <span class='ocrx_word' id='word_1_173' title='bbox 599 2627 734 2659; x_wconf 82' lang='lat' dir='ltr'>acerba</span> <span class='ocrx_word' id='word_1_174' title='bbox 752 2652 780 2658; x_wconf 89' lang='lat'>..</span> <span class='ocrx_word' id='word_1_175' title='bbox 802 2628 959 2659; x_wconf 83' lang='lat' dir='ltr'>seruitus</span> <span class='ocrx_word' id='word_1_176' title='bbox 988 2629 1025 2659; x_wconf 90' lang='lat'>11</span> 
     </span>
     <span class='ocr_line' id='line_1_39' title="bbox 332 2673 1028 2705; baseline 0 -1"><span class='ocrx_word' id='word_1_177' title='bbox 332 2683 426 2705; x_wconf 87' lang='lat' dir='ltr'>mors</span> <span class='ocrx_word' id='word_1_178' title='bbox 452 2697 458 2704; x_wconf 92' lang='lat'><em>.</em></span> <span class='ocrx_word' id='word_1_179' title='bbox 484 2696 493 2705; x_wconf 86' lang='lat'><strong>.</strong></span> <span class='ocrx_word' id='word_1_180' title='bbox 517 2673 640 2704; x_wconf 89' lang='lat' dir='ltr'>iuueni</span> <span class='ocrx_word' id='word_1_181' title='bbox 667 2673 804 2704; x_wconf 86' lang='lat' dir='ltr'>acerba</span> <span class='ocrx_word' id='word_1_182' title='bbox 829 2674 894 2705; x_wconf 87' lang='grc'>360</span> <span class='ocrx_word' id='word_1_183' title='bbox 930 2683 1028 2704; x_wconf 86' lang='lat' dir='ltr'>acer-</span> 
     </span>
     <span class='ocr_line' id='line_1_40' title="bbox 332 2719 506 2750; baseline -0.006 0"><span class='ocrx_word' id='word_1_184' title='bbox 332 2719 415 2750; x_wconf 89' lang='lat' dir='ltr'>bum</span> <span class='ocrx_word' id='word_1_185' title='bbox 441 2719 506 2750; x_wconf 84' lang='lat'>396</span> 
     </span>
    </p>

    <p class='ocr_par' dir='ltr' id='par_1_22' title="bbox 289 2763 593 2804">
     <span class='ocr_line' id='line_1_41' title="bbox 289 2763 593 2804; baseline 0 -10"><span class='ocrx_word' id='word_1_186' title='bbox 289 2763 415 2794; x_wconf 87' lang='lat' dir='ltr'>actio</span> <span class='ocrx_word' id='word_1_187' title='bbox 440 2771 523 2804; x_wconf 74' lang='lat' dir='ltr'>app.</span> <span class='ocrx_word' id='word_1_188' title='bbox 553 2763 593 2794; x_wconf 87' lang='lat'>19</span> 
     </span>
    </p>

    <p class='ocr_par' dir='ltr' id='par_1_23' title="bbox 288 2812 1027 2891">
     <span class='ocr_line' id='line_1_42' title="bbox 288 2812 1027 2854; baseline 0.001 -11"><span class='ocrx_word' id='word_1_189' title='bbox 288 2812 338 2843; x_wconf 87' lang='lat' dir='ltr'>ad</span> <span class='ocrx_word' id='word_1_190' title='bbox 365 2813 625 2854; x_wconf 87' lang='lat' dir='ltr'>paenitendum</span> <span class='ocrx_word' id='word_1_191' title='bbox 650 2815 822 2854; x_wconf 85' lang='lat' dir='ltr'>properat</span> <span class='ocrx_word' id='word_1_192' title='bbox 839 2815 881 2845; x_wconf 89' lang='grc'><strong>32</strong></span> <span class='ocrx_word' id='word_1_193' title='bbox 909 2812 953 2844; x_wconf 82' lang='lat' dir='ltr'>ad</span> <span class='ocrx_word' id='word_1_194' title='bbox 973 2823 1027 2844; x_wconf 89' lang='lat' dir='ltr'>se-</span> 
     </span>
     <span class='ocr_line' id='line_1_43' title="bbox 332 2858 1026 2891; baseline 0.003 -3"><span class='ocrx_word' id='word_1_195' title='bbox 332 2861 477 2889; x_wconf 78' lang='lat' dir='ltr'>nectam</span> <span class='ocrx_word' id='word_1_196' title='bbox 500 2860 650 2890; x_wconf 80' lang='lat' dir='ltr'>uentum</span> <span class='ocrx_word' id='word_1_197' title='bbox 676 2862 731 2890; x_wconf 86' lang='lat' dir='ltr'>est</span> <span class='ocrx_word' id='word_1_198' title='bbox 749 2859 812 2891; x_wconf 90' lang='lat'>185</span> <span class='ocrx_word' id='word_1_199' title='bbox 839 2858 883 2890; x_wconf 79' lang='lat' dir='ltr'>ad</span> <span class='ocrx_word' id='word_1_200' title='bbox 908 2868 946 2890; x_wconf 86' lang='lat' dir='ltr'>se</span> <span class='ocrx_word' id='word_1_201' title='bbox 973 2868 1026 2890; x_wconf 87' lang='lat' dir='ltr'>re-</span> 
     </span>
    </p>
   </div>
   <div class='ocr_carea' id='block_1_4' title="bbox 1065 1058 1811 2900">
    <p class='ocr_par' dir='ltr' id='par_1_24' title="bbox 1112 1058 1811 1676">
     <span class='ocr_line' id='line_1_44' title="bbox 1117 1058 1811 1090; baseline 0.001 -1"><span class='ocrx_word' id='word_1_202' title='bbox 1117 1058 1184 1089; x_wconf 88' lang='lat' dir='ltr'>diit</span> <span class='ocrx_word' id='word_1_203' title='bbox 1204 1060 1245 1090; x_wconf 83' lang='grc'>27</span> <span class='ocrx_word' id='word_1_204' title='bbox 1291 1058 1337 1090; x_wconf 85' lang='lat' dir='ltr'>ad</span> <span class='ocrx_word' id='word_1_205' title='bbox 1358 1058 1513 1089; x_wconf 84' lang='lat' dir='ltr'>animum</span> <span class='ocrx_word' id='word_1_206' title='bbox 1534 1081 1542 1089; x_wconf 93' lang='lat'><strong><em>.</em></strong></span> <span class='ocrx_word' id='word_1_207' title='bbox 1561 1083 1567 1089; x_wconf 96' lang='lat'>.</span> <span class='ocrx_word' id='word_1_208' title='bbox 1588 1059 1811 1090; x_wconf 86' lang='lat' dir='ltr'>conueniunt</span> 
     </span>
     <span class='ocr_line' id='line_1_45' title="bbox 1115 1103 1811 1145; baseline -0.001 -10"><span class='ocrx_word' id='word_1_209' title='bbox 1115 1114 1242 1144; x_wconf 79' lang='lat' dir='ltr'>preces</span> <span class='ocrx_word' id='word_1_210' title='bbox 1269 1104 1333 1135; x_wconf 88' lang='grc'>287</span> <span class='ocrx_word' id='word_1_211' title='bbox 1376 1103 1420 1134; x_wconf 86' lang='lat' dir='ltr'>ad</span> <span class='ocrx_word' id='word_1_212' title='bbox 1447 1113 1620 1134; x_wconf 85' lang='lat' dir='ltr'>summum</span> <span class='ocrx_word' id='word_1_213' title='bbox 1647 1104 1811 1145; x_wconf 86' lang='lat' dir='ltr'>peruenit</span> 
     </span>
     <span class='ocr_line' id='line_1_46' title="bbox 1114 1148 1811 1190; baseline 0 -11"><span class='ocrx_word' id='word_1_214' title='bbox 1114 1148 1232 1180; x_wconf 90' lang='lat' dir='ltr'>locum</span> <span class='ocrx_word' id='word_1_215' title='bbox 1245 1149 1310 1180; x_wconf 84' lang='grc'><strong>426</strong></span> <span class='ocrx_word' id='word_1_216' title='bbox 1325 1159 1443 1190; x_wconf 87' lang='lat' dir='ltr'>poena</span> <span class='ocrx_word' id='word_1_217' title='bbox 1459 1148 1503 1179; x_wconf 88' lang='lat' dir='ltr'>ad</span> <span class='ocrx_word' id='word_1_218' title='bbox 1518 1148 1650 1179; x_wconf 88' lang='lat' dir='ltr'>malum</span> <span class='ocrx_word' id='word_1_219' title='bbox 1665 1174 1671 1180; x_wconf 88' lang='lat'>.</span> <span class='ocrx_word' id='word_1_220' title='bbox 1687 1173 1693 1179; x_wconf 94' lang='lat'>.</span> <span class='ocrx_word' id='word_1_221' title='bbox 1710 1149 1811 1180; x_wconf 89' lang='lat' dir='ltr'>uenit</span> 
     </span>
     <span class='ocr_line' id='line_1_47' title="bbox 1113 1193 1810 1235; baseline 0.003 -11"><span class='ocrx_word' id='word_1_222' title='bbox 1113 1194 1176 1224; x_wconf 78' lang='grc'><strong>461</strong></span> <span class='ocrx_word' id='word_1_223' title='bbox 1214 1194 1404 1235; x_wconf 80' lang='lat' dir='ltr'>perfugere</span> <span class='ocrx_word' id='word_1_224' title='bbox 1437 1193 1484 1224; x_wconf 88' lang='lat' dir='ltr'>ad</span> <span class='ocrx_word' id='word_1_225' title='bbox 1513 1194 1719 1225; x_wconf 86' lang='lat' dir='ltr'>inferiorem</span> <span class='ocrx_word' id='word_1_226' title='bbox 1744 1195 1810 1226; x_wconf 83' lang='lat'>473</span> 
     </span>
     <span class='ocr_line' id='line_1_48' title="bbox 1114 1236 1810 1277; baseline 0 -7"><span class='ocrx_word' id='word_1_227' title='bbox 1114 1236 1159 1277; x_wconf 82' lang='lat' dir='ltr'>cf.</span> <span class='ocrx_word' id='word_1_228' title='bbox 1186 1239 1248 1270; x_wconf 91' lang='grc'>711</span> <span class='ocrx_word' id='word_1_229' title='bbox 1275 1238 1319 1269; x_wconf 89' lang='lat' dir='ltr'>ad</span> <span class='ocrx_word' id='word_1_230' title='bbox 1339 1249 1376 1270; x_wconf 85' lang='lat' dir='ltr'>se</span> <span class='ocrx_word' id='word_1_231' title='bbox 1397 1237 1587 1270; x_wconf 80' lang='lat' dir='ltr'>consilium</span> <span class='ocrx_word' id='word_1_232' title='bbox 1615 1238 1728 1270; x_wconf 86' lang='lat' dir='ltr'>refert</span> <span class='ocrx_word' id='word_1_233' title='bbox 1744 1240 1810 1270; x_wconf 72' lang='lat'>351</span> 
     </span>
     <span class='ocr_line' id='line_1_49' title="bbox 1112 1282 1806 1324; baseline 0 -10"><span class='ocrx_word' id='word_1_234' title='bbox 1112 1282 1214 1315; x_wconf 83' lang='lat' dir='ltr'>laeta</span> <span class='ocrx_word' id='word_1_235' title='bbox 1253 1284 1298 1314; x_wconf 85' lang='lat' dir='ltr'>ad</span> <span class='ocrx_word' id='word_1_236' title='bbox 1337 1283 1531 1324; x_wconf 79' lang='lat' dir='ltr'>perniciem</span> <span class='ocrx_word' id='word_1_237' title='bbox 1574 1283 1709 1314; x_wconf 80' lang='lat' dir='ltr'>eadunt</span> <span class='ocrx_word' id='word_1_238' title='bbox 1747 1285 1806 1315; x_wconf 91' lang='lat'>101</span> 
     </span>
     <span class='ocr_line' id='line_1_50' title="bbox 1115 1327 1810 1360; baseline 0.001 -2"><span class='ocrx_word' id='word_1_239' title='bbox 1115 1328 1161 1358; x_wconf 86' lang='lat' dir='ltr'>ad</span> <span class='ocrx_word' id='word_1_240' title='bbox 1203 1327 1361 1359; x_wconf 84' lang='lat' dir='ltr'>alienum</span> <span class='ocrx_word' id='word_1_241' title='bbox 1403 1328 1621 1359; x_wconf 81' lang='lat' dir='ltr'>adsuescere</span> <span class='ocrx_word' id='word_1_242' title='bbox 1660 1329 1725 1360; x_wconf 88' lang='grc'><strong>325</strong></span> <span class='ocrx_word' id='word_1_243' title='bbox 1766 1327 1810 1359; x_wconf 86' lang='lat' dir='ltr'>ad</span> 
     </span>
     <span class='ocr_line' id='line_1_51' title="bbox 1117 1372 1808 1405; baseline 0.001 -2"><span class='ocrx_word' id='word_1_244' title='bbox 1117 1372 1358 1404; x_wconf 78' lang='lat' dir='ltr'>calamitatem</span> <span class='ocrx_word' id='word_1_245' title='bbox 1396 1383 1515 1405; x_wconf 84' lang='lat' dir='ltr'>rumor</span> <span class='ocrx_word' id='word_1_246' title='bbox 1551 1372 1652 1404; x_wconf 85' lang='lat' dir='ltr'>ualet</span> <span class='ocrx_word' id='word_1_247' title='bbox 1685 1374 1724 1405; x_wconf 90' lang='grc'>17</span> <span class='ocrx_word' id='word_1_248' title='bbox 1763 1372 1808 1404; x_wconf 89' lang='lat' dir='ltr'>ad</span> 
     </span>
     <span class='ocr_line' id='line_1_52' title="bbox 1114 1417 1810 1459; baseline 0.001 -11"><span class='ocrx_word' id='word_1_249' title='bbox 1114 1418 1255 1449; x_wconf 80' lang='lat' dir='ltr'>tristem</span> <span class='ocrx_word' id='word_1_250' title='bbox 1285 1422 1424 1459; x_wconf 83' lang='lat' dir='ltr'>partem</span> <span class='ocrx_word' id='word_1_251' title='bbox 1443 1421 1592 1449; x_wconf 84' lang='lat' dir='ltr'>strenua</span> <span class='ocrx_word' id='word_1_252' title='bbox 1613 1421 1669 1449; x_wconf 86' lang='lat' dir='ltr'>est</span> <span class='ocrx_word' id='word_1_253' title='bbox 1693 1417 1810 1459; x_wconf 86' lang='lat' dir='ltr'>suspi-</span> 
     </span>
     <span class='ocr_line' id='line_1_53' title="bbox 1115 1462 1808 1503; baseline 0 -10"><span class='ocrx_word' id='word_1_254' title='bbox 1115 1463 1171 1494; x_wconf 80' lang='lat' dir='ltr'>cio</span> <span class='ocrx_word' id='word_1_255' title='bbox 1197 1464 1215 1494; x_wconf 92' lang='lat'>7</span> <span class='ocrx_word' id='word_1_256' title='bbox 1235 1462 1278 1503; x_wconf 66' lang='lat'>(1³)</span> <span class='ocrx_word' id='word_1_257' title='bbox 1306 1462 1437 1495; x_wconf 87' lang='lat' dir='ltr'>bonum</span> <span class='ocrx_word' id='word_1_258' title='bbox 1464 1463 1509 1494; x_wconf 86' lang='lat' dir='ltr'>ad</span> <span class='ocrx_word' id='word_1_259' title='bbox 1534 1463 1650 1494; x_wconf 89' lang='lat' dir='ltr'>uirum</span> <span class='ocrx_word' id='word_1_260' title='bbox 1678 1490 1685 1498; x_wconf 84' lang='grc'><strong><em>.</em></strong></span> <span class='ocrx_word' id='word_1_261' title='bbox 1711 1486 1719 1494; x_wconf 91' lang='grc'><strong>.</strong></span> <span class='ocrx_word' id='word_1_262' title='bbox 1739 1474 1808 1494; x_wconf 87' lang='lat' dir='ltr'>mo-</span> 
     </span>
     <span class='ocr_line' id='line_1_54' title="bbox 1114 1507 1807 1540; baseline 0.001 -2"><span class='ocrx_word' id='word_1_263' title='bbox 1114 1508 1205 1539; x_wconf 88' lang='lat' dir='ltr'>ritur</span> <span class='ocrx_word' id='word_1_264' title='bbox 1228 1507 1421 1540; x_wconf 83' lang='lat' dir='ltr'>iracundia</span> <span class='ocrx_word' id='word_1_265' title='bbox 1439 1510 1480 1540; x_wconf 70' lang='lat'>71</span> <span class='ocrx_word' id='word_1_266' title='bbox 1498 1512 1602 1540; x_wconf 82' lang='lat' dir='ltr'>casta</span> <span class='ocrx_word' id='word_1_267' title='bbox 1619 1507 1663 1539; x_wconf 81' lang='lat' dir='ltr'>ad</span> <span class='ocrx_word' id='word_1_268' title='bbox 1693 1508 1807 1539; x_wconf 86' lang='lat' dir='ltr'>uirum</span> 
     </span>
     <span class='ocr_line' id='line_1_55' title="bbox 1114 1552 1807 1586; baseline 0.001 -3"><span class='ocrx_word' id='word_1_269' title='bbox 1114 1557 1280 1584; x_wconf 82' lang='lat' dir='ltr'>matrona</span> <span class='ocrx_word' id='word_1_270' title='bbox 1312 1555 1354 1586; x_wconf 89' lang='lat'>93</span> <span class='ocrx_word' id='word_1_271' title='bbox 1395 1553 1481 1585; x_wconf 87' lang='lat' dir='ltr'>flere</span> <span class='ocrx_word' id='word_1_272' title='bbox 1514 1576 1521 1585; x_wconf 91' lang='lat'>.</span> <span class='ocrx_word' id='word_1_273' title='bbox 1549 1576 1556 1584; x_wconf 93' lang='lat'><em>.</em></span> <span class='ocrx_word' id='word_1_274' title='bbox 1587 1552 1633 1584; x_wconf 88' lang='lat' dir='ltr'>ad</span> <span class='ocrx_word' id='word_1_275' title='bbox 1664 1553 1807 1584; x_wconf 85' lang='lat' dir='ltr'>menda-</span> 
     </span>
     <span class='ocr_line' id='line_1_56' title="bbox 1116 1597 1807 1638; baseline 0.001 -10"><span class='ocrx_word' id='word_1_276' title='bbox 1116 1598 1210 1629; x_wconf 88' lang='lat' dir='ltr'>cium</span> <span class='ocrx_word' id='word_1_277' title='bbox 1239 1600 1302 1630; x_wconf 86' lang='lat'>130</span> <span class='ocrx_word' id='word_1_278' title='bbox 1319 1598 1364 1638; x_wconf 66' lang='lat'>(22)</span> <span class='ocrx_word' id='word_1_279' title='bbox 1391 1597 1578 1630; x_wconf 85' lang='lat' dir='ltr'>difficilem</span> <span class='ocrx_word' id='word_1_280' title='bbox 1596 1608 1719 1630; x_wconf 86' lang='lat' dir='ltr'>aurem</span> <span class='ocrx_word' id='word_1_281' title='bbox 1746 1597 1807 1629; x_wconf 84' lang='lat' dir='ltr'>ha-</span> 
     </span>
     <span class='ocr_line' id='line_1_57' title="bbox 1115 1643 1539 1676; baseline 0.002 -1"><span class='ocrx_word' id='word_1_282' title='bbox 1115 1644 1200 1675; x_wconf 85' lang='lat' dir='ltr'>bere</span> <span class='ocrx_word' id='word_1_283' title='bbox 1229 1644 1272 1674; x_wconf 90' lang='lat' dir='ltr'>ad</span> <span class='ocrx_word' id='word_1_284' title='bbox 1298 1643 1449 1675; x_wconf 86' lang='lat' dir='ltr'>crimina</span> <span class='ocrx_word' id='word_1_285' title='bbox 1476 1645 1539 1676; x_wconf 88' lang='lat'>133</span> 
     </span>
    </p>

    <p class='ocr_par' dir='ltr' id='par_1_25' title="bbox 1072 1688 1547 1721">
     <span class='ocr_line' id='line_1_58' title="bbox 1072 1688 1547 1721; baseline 0.002 -2"><span class='ocrx_word' id='word_1_286' title='bbox 1072 1688 1166 1719; x_wconf 86' lang='lat' dir='ltr'>ferre</span> <span class='ocrx_word' id='word_1_287' title='bbox 1194 1712 1202 1720; x_wconf 86' lang='lat'><strong>.</strong></span> <span class='ocrx_word' id='word_1_288' title='bbox 1231 1712 1238 1720; x_wconf 90' lang='lat'><strong><em>.</em></strong></span> <span class='ocrx_word' id='word_1_289' title='bbox 1265 1688 1458 1720; x_wconf 80' lang='lat' dir='ltr'>addecet</span> <span class='ocrx_word' id='word_1_290' title='bbox 1481 1689 1547 1721; x_wconf 79' lang='grc'>434</span> 
     </span>
    </p>

    <p class='ocr_par' dir='ltr' id='par_1_26' title="bbox 1069 1733 1402 1767">
     <span class='ocr_line' id='line_1_59' title="bbox 1069 1733 1402 1767; baseline 0.003 -3"><span class='ocrx_word' id='word_1_291' title='bbox 1069 1733 1222 1765; x_wconf 83' lang='lat' dir='ltr'>adfert</span> <span class='ocrx_word' id='word_1_292' title='bbox 1248 1735 1312 1766; x_wconf 67' lang='lat'>346</span> <span class='ocrx_word' id='word_1_293' title='bbox 1338 1736 1402 1767; x_wconf 86' lang='grc'><strong>632</strong></span> 
     </span>
    </p>

    <p class='ocr_par' dir='ltr' id='par_1_27' title="bbox 1069 1778 1311 1811">
     <span class='ocr_line' id='line_1_60' title="bbox 1069 1778 1311 1811; baseline 0.004 -2"><span class='ocrx_word' id='word_1_294' title='bbox 1069 1778 1224 1809; x_wconf 79' lang='lat' dir='ltr'>adimit</span> <span class='ocrx_word' id='word_1_295' title='bbox 1248 1780 1311 1811; x_wconf 85' lang='grc'>321</span> 
     </span>
    </p>

    <p class='ocr_par' dir='ltr' id='par_1_28' title="bbox 1067 1823 1634 1865">
     <span class='ocr_line' id='line_1_61' title="bbox 1067 1823 1634 1865; baseline 0.004 -12"><span class='ocrx_word' id='word_1_296' title='bbox 1067 1824 1338 1865; x_wconf 79' lang='lat' dir='ltr'>improbitatem</span> <span class='ocrx_word' id='word_1_297' title='bbox 1365 1823 1543 1855; x_wconf 79' lang='lat' dir='ltr'>adiuues</span> <span class='ocrx_word' id='word_1_298' title='bbox 1569 1823 1634 1855; x_wconf 71' lang='lat'>394</span> 
     </span>
    </p>

    <p class='ocr_par' dir='ltr' id='par_1_29' title="bbox 1069 1868 1498 1910">
     <span class='ocr_line' id='line_1_62' title="bbox 1069 1868 1498 1910; baseline 0.007 -12"><span class='ocrx_word' id='word_1_299' title='bbox 1069 1868 1321 1901; x_wconf 80' lang='lat' dir='ltr'>admisceas</span> <span class='ocrx_word' id='word_1_300' title='bbox 1346 1877 1428 1910; x_wconf 75' lang='lat' dir='ltr'>app.</span> <span class='ocrx_word' id='word_1_301' title='bbox 1456 1871 1498 1901; x_wconf 85' lang='lat'>30</span> 
     </span>
    </p>

    <p class='ocr_par' dir='ltr' id='par_1_30' title="bbox 1068 1912 1807 2000">
     <span class='ocr_line' id='line_1_63' title="bbox 1068 1912 1807 1956; baseline 0.003 -13"><span class='ocrx_word' id='word_1_302' title='bbox 1068 1914 1256 1944; x_wconf 81' lang='lat' dir='ltr'>tristitiam</span> <span class='ocrx_word' id='word_1_303' title='bbox 1283 1938 1290 1945; x_wconf 95' lang='lat'><strong>.</strong></span> <span class='ocrx_word' id='word_1_304' title='bbox 1316 1938 1324 1946; x_wconf 84' lang='lat'><em>.</em></span> <span class='ocrx_word' id='word_1_305' title='bbox 1357 1914 1576 1946; x_wconf 84' lang='lat' dir='ltr'>admittas</span> <span class='ocrx_word' id='word_1_306' title='bbox 1604 1921 1689 1956; x_wconf 76' lang='lat' dir='ltr'>app.</span> <span class='ocrx_word' id='word_1_307' title='bbox 1719 1912 1807 1945; x_wconf 73' lang='lat'>121*</span> 
     </span>
     <span class='ocr_line' id='line_1_64' title="bbox 1113 1959 1617 2000; baseline 0.006 -13"><span class='ocrx_word' id='word_1_308' title='bbox 1113 1968 1216 1998; x_wconf 81' lang='lat' dir='ltr'>quein</span> <span class='ocrx_word' id='word_1_309' title='bbox 1243 1959 1392 1991; x_wconf 82' lang='lat' dir='ltr'>admissi</span> <span class='ocrx_word' id='word_1_310' title='bbox 1417 1959 1529 2000; x_wconf 81' lang='lat' dir='ltr'>pudet</span> <span class='ocrx_word' id='word_1_311' title='bbox 1555 1961 1617 1992; x_wconf 90' lang='grc'>601</span> 
     </span>
    </p>

    <p class='ocr_par' dir='ltr' id='par_1_31' title="bbox 1068 2003 1446 2044">
     <span class='ocr_line' id='line_1_65' title="bbox 1068 2003 1446 2044; baseline 0.008 -11"><span class='ocrx_word' id='word_1_312' title='bbox 1068 2003 1246 2034; x_wconf 79' lang='lat' dir='ltr'>admone</span> <span class='ocrx_word' id='word_1_313' title='bbox 1271 2012 1355 2044; x_wconf 76' lang='lat' dir='ltr'>app.</span> <span class='ocrx_word' id='word_1_314' title='bbox 1385 2006 1446 2036; x_wconf 85' lang='lat'>103</span> 
     </span>
    </p>

    <p class='ocr_par' dir='ltr' id='par_1_32' title="bbox 1067 2047 1702 2089">
     <span class='ocr_line' id='line_1_66' title="bbox 1067 2047 1702 2089; baseline 0.005 -11"><span class='ocrx_word' id='word_1_315' title='bbox 1067 2047 1369 2089; x_wconf 85' lang='lat' dir='ltr'>adparandum</span> <span class='ocrx_word' id='word_1_316' title='bbox 1397 2053 1452 2080; x_wconf 90' lang='lat' dir='ltr'>est</span> <span class='ocrx_word' id='word_1_317' title='bbox 1478 2049 1613 2081; x_wconf 79' lang='lat' dir='ltr'>bellum</span> <span class='ocrx_word' id='word_1_318' title='bbox 1640 2049 1702 2081; x_wconf 89' lang='grc'>125</span> 
     </span>
    </p>

    <p class='ocr_par' dir='ltr' id='par_1_33' title="bbox 1067 2092 1570 2134">
     <span class='ocr_line' id='line_1_67' title="bbox 1067 2092 1570 2134; baseline 0.006 -11"><span class='ocrx_word' id='word_1_319' title='bbox 1067 2092 1346 2134; x_wconf 85' lang='lat' dir='ltr'>adquirimus</span> <span class='ocrx_word' id='word_1_320' title='bbox 1371 2102 1455 2134; x_wconf 74' lang='lat' dir='ltr'>app.</span> <span class='ocrx_word' id='word_1_321' title='bbox 1480 2092 1570 2126; x_wconf 65' lang='grc'><strong>288*</strong></span> 
     </span>
    </p>

    <p class='ocr_par' dir='ltr' id='par_1_34' title="bbox 1067 2137 1530 2179">
     <span class='ocr_line' id='line_1_68' title="bbox 1067 2137 1530 2179; baseline 0.004 -11"><span class='ocrx_word' id='word_1_322' title='bbox 1067 2137 1325 2170; x_wconf 79' lang='lat' dir='ltr'>adsentatio</span> <span class='ocrx_word' id='word_1_323' title='bbox 1354 2147 1439 2179; x_wconf 75' lang='lat' dir='ltr'>app.</span> <span class='ocrx_word' id='word_1_324' title='bbox 1467 2140 1530 2171; x_wconf 85' lang='lat'>135</span> 
     </span>
    </p>

    <p class='ocr_par' dir='ltr' id='par_1_35' title="bbox 1068 2182 1458 2223">
     <span class='ocr_line' id='line_1_69' title="bbox 1068 2182 1458 2223; baseline 0.005 -10"><span class='ocrx_word' id='word_1_325' title='bbox 1068 2182 1458 2223; x_wconf 69' lang='lat' dir='ltr'>adseueret166(⁴‘)</span> 
     </span>
    </p>

    <p class='ocr_par' dir='ltr' id='par_1_36' title="bbox 1066 2225 1739 2261">
     <span class='ocr_line' id='line_1_70' title="bbox 1066 2225 1739 2261; baseline 0.004 -3"><span class='ocrx_word' id='word_1_326' title='bbox 1066 2225 1197 2259; x_wconf 76' lang='lat' dir='ltr'>adsum</span> <span class='ocrx_word' id='word_1_327' title='bbox 1223 2229 1352 2260; x_wconf 86' lang='lat' dir='ltr'>adest</span> <span class='ocrx_word' id='word_1_328' title='bbox 1377 2229 1441 2261; x_wconf 87' lang='grc'><strong>552</strong></span> <span class='ocrx_word' id='word_1_329' title='bbox 1468 2228 1624 2261; x_wconf 84' lang='lat' dir='ltr'>aderunt</span> <span class='ocrx_word' id='word_1_330' title='bbox 1648 2230 1739 2261; x_wconf 77' lang='grc'><strong>664*</strong></span> 
     </span>
    </p>

    <p class='ocr_par' dir='ltr' id='par_1_37' title="bbox 1067 2272 1806 2349">
     <span class='ocr_line' id='line_1_71' title="bbox 1067 2272 1806 2306; baseline 0.004 -4"><span class='ocrx_word' id='word_1_331' title='bbox 1067 2272 1392 2306; x_wconf 85' lang='lat' dir='ltr'>adulescentia</span> <span class='ocrx_word' id='word_1_332' title='bbox 1416 2275 1480 2306; x_wconf 87' lang='lat'>569</span> <span class='ocrx_word' id='word_1_333' title='bbox 1519 2273 1806 2306; x_wconf 84' lang='lat' dir='ltr'>adulescentiam</span> 
     </span>
     <span class='ocr_line' id='line_1_72' title="bbox 1114 2319 1176 2349; baseline 0.016 -1"><span class='ocrx_word' id='word_1_334' title='bbox 1114 2319 1176 2349; x_wconf 88' lang='grc'>185</span> 
     </span>
    </p>

    <p class='ocr_par' dir='ltr' id='par_1_38' title="bbox 1067 2362 1806 2486">
     <span class='ocr_line' id='line_1_73' title="bbox 1067 2362 1803 2404; baseline 0.004 -12"><span class='ocrx_word' id='word_1_335' title='bbox 1067 2362 1103 2393; x_wconf 91' lang='lat' dir='ltr'>in</span> <span class='ocrx_word' id='word_1_336' title='bbox 1129 2373 1165 2394; x_wconf 92' lang='lat' dir='ltr'>re</span> <span class='ocrx_word' id='word_1_337' title='bbox 1195 2363 1385 2396; x_wconf 86' lang='lat' dir='ltr'>aduersa</span> <span class='ocrx_word' id='word_1_338' title='bbox 1409 2364 1451 2396; x_wconf 90' lang='lat'>86</span> <span class='ocrx_word' id='word_1_339' title='bbox 1476 2371 1561 2404; x_wconf 76' lang='lat' dir='ltr'>app.</span> <span class='ocrx_word' id='word_1_340' title='bbox 1589 2364 1653 2395; x_wconf 77' lang='grc'>241</span> <span class='ocrx_word' id='word_1_341' title='bbox 1680 2373 1737 2396; x_wconf 91' lang='lat' dir='ltr'>res</span> <span class='ocrx_word' id='word_1_342' title='bbox 1764 2389 1770 2395; x_wconf 93' lang='lat'><em>.</em></span> <span class='ocrx_word' id='word_1_343' title='bbox 1796 2389 1803 2395; x_wconf 90' lang='lat'>.</span> 
     </span>
     <span class='ocr_line' id='line_1_74' title="bbox 1113 2407 1806 2450; baseline 0.004 -12"><span class='ocrx_word' id='word_1_344' title='bbox 1113 2407 1289 2440; x_wconf 78' lang='lat' dir='ltr'>aduersae</span> <span class='ocrx_word' id='word_1_345' title='bbox 1313 2417 1396 2450; x_wconf 74' lang='lat' dir='ltr'>app.</span> <span class='ocrx_word' id='word_1_346' title='bbox 1418 2410 1481 2441; x_wconf 77' lang='lat'>182</span> <span class='ocrx_word' id='word_1_347' title='bbox 1506 2409 1543 2440; x_wconf 87' lang='lat' dir='ltr'>in</span> <span class='ocrx_word' id='word_1_348' title='bbox 1562 2408 1725 2440; x_wconf 82' lang='lat' dir='ltr'>aduersis</span> <span class='ocrx_word' id='word_1_349' title='bbox 1742 2410 1806 2441; x_wconf 87' lang='grc'>208</span> 
     </span>
     <span class='ocr_line' id='line_1_75' title="bbox 1110 2453 1615 2486; baseline 0.004 -2"><span class='ocrx_word' id='word_1_350' title='bbox 1110 2454 1175 2484; x_wconf 90' lang='grc'>491</span> <span class='ocrx_word' id='word_1_351' title='bbox 1201 2454 1265 2485; x_wconf 91' lang='grc'>657</span> <span class='ocrx_word' id='word_1_352' title='bbox 1292 2454 1334 2485; x_wconf 84' lang='lat' dir='ltr'>de</span> <span class='ocrx_word' id='word_1_353' title='bbox 1361 2453 1525 2486; x_wconf 88' lang='lat' dir='ltr'>aduersis</span> <span class='ocrx_word' id='word_1_354' title='bbox 1550 2455 1615 2486; x_wconf 89' lang='lat'>608</span> 
     </span>
    </p>

    <p class='ocr_par' dir='ltr' id='par_1_39' title="bbox 1067 2499 1805 2585">
     <span class='ocr_line' id='line_1_76' title="bbox 1067 2499 1805 2540; baseline 0.003 -12"><span class='ocrx_word' id='word_1_355' title='bbox 1067 2507 1202 2538; x_wconf 78' lang='lat' dir='ltr'>aeger</span> <span class='ocrx_word' id='word_1_356' title='bbox 1232 2500 1297 2531; x_wconf 78' lang='lat'>332</span> <span class='ocrx_word' id='word_1_357' title='bbox 1338 2499 1584 2540; x_wconf 84' lang='lat' dir='ltr'>intemperans</span> <span class='ocrx_word' id='word_1_358' title='bbox 1616 2509 1728 2539; x_wconf 84' lang='lat' dir='ltr'>aeger</span> <span class='ocrx_word' id='word_1_359' title='bbox 1763 2500 1805 2531; x_wconf 86' lang='lat'>89</span> 
     </span>
     <span class='ocr_line' id='line_1_77' title="bbox 1112 2543 1591 2585; baseline 0.002 -11"><span class='ocrx_word' id='word_1_360' title='bbox 1112 2543 1254 2574; x_wconf 80' lang='lat' dir='ltr'>animus</span> <span class='ocrx_word' id='word_1_361' title='bbox 1281 2554 1391 2585; x_wconf 85' lang='lat' dir='ltr'>aeger</span> <span class='ocrx_word' id='word_1_362' title='bbox 1415 2552 1500 2585; x_wconf 76' lang='lat' dir='ltr'>app.</span> <span class='ocrx_word' id='word_1_363' title='bbox 1529 2545 1591 2575; x_wconf 89' lang='grc'>122</span> 
     </span>
    </p>

    <p class='ocr_par' dir='ltr' id='par_1_40' title="bbox 1067 2590 1491 2629">
     <span class='ocr_line' id='line_1_78' title="bbox 1067 2590 1491 2629; baseline 0.005 -11"><span class='ocrx_word' id='word_1_364' title='bbox 1067 2598 1200 2629; x_wconf 83' lang='lat' dir='ltr'>aegre</span> <span class='ocrx_word' id='word_1_365' title='bbox 1225 2590 1290 2620; x_wconf 84' lang='grc'><strong>449</strong></span> <span class='ocrx_word' id='word_1_366' title='bbox 1315 2597 1399 2629; x_wconf 75' lang='lat' dir='ltr'>app.</span> <span class='ocrx_word' id='word_1_367' title='bbox 1429 2590 1491 2621; x_wconf 79' lang='lat'>180</span> 
     </span>
    </p>

    <p class='ocr_par' dir='ltr' id='par_1_41' title="bbox 1065 2634 1489 2673">
     <span class='ocr_line' id='line_1_79' title="bbox 1065 2634 1489 2673; baseline 0.002 -9"><span class='ocrx_word' id='word_1_368' title='bbox 1065 2634 1398 2673; x_wconf 83' lang='lat' dir='ltr'>aequanimitas</span> <span class='ocrx_word' id='word_1_369' title='bbox 1425 2635 1489 2666; x_wconf 72' lang='lat'>342</span> 
     </span>
    </p>

    <p class='ocr_par' dir='ltr' id='par_1_42' title="bbox 1067 2680 1295 2719">
     <span class='ocr_line' id='line_1_80' title="bbox 1067 2680 1295 2719; baseline 0.009 -10"><span class='ocrx_word' id='word_1_370' title='bbox 1067 2688 1205 2719; x_wconf 89' lang='lat' dir='ltr'>aeque</span> <span class='ocrx_word' id='word_1_371' title='bbox 1232 2680 1295 2711; x_wconf 86' lang='lat'>703</span> 
     </span>
    </p>

    <p class='ocr_par' dir='ltr' id='par_1_43' title="bbox 1067 2721 1804 2808">
     <span class='ocr_line' id='line_1_81' title="bbox 1067 2721 1804 2764; baseline -0.001 -10"><span class='ocrx_word' id='word_1_372' title='bbox 1067 2733 1233 2763; x_wconf 85' lang='lat' dir='ltr'>aequus</span> <span class='ocrx_word' id='word_1_373' title='bbox 1251 2721 1297 2756; x_wconf 72' lang='lat'>8*</span> <span class='ocrx_word' id='word_1_374' title='bbox 1325 2723 1422 2755; x_wconf 85' lang='lat' dir='ltr'>hosti</span> <span class='ocrx_word' id='word_1_375' title='bbox 1440 2732 1576 2764; x_wconf 87' lang='lat' dir='ltr'>aequus</span> <span class='ocrx_word' id='word_1_376' title='bbox 1599 2723 1659 2754; x_wconf 89' lang='grc'>161</span> <span class='ocrx_word' id='word_1_377' title='bbox 1688 2732 1804 2763; x_wconf 86' lang='lat' dir='ltr'>aequo</span> 
     </span>
     <span class='ocr_line' id='line_1_82' title="bbox 1111 2768 1522 2808; baseline 0.002 -10"><span class='ocrx_word' id='word_1_378' title='bbox 1111 2768 1229 2799; x_wconf 86' lang='lat' dir='ltr'>animo</span> <span class='ocrx_word' id='word_1_379' title='bbox 1254 2769 1317 2800; x_wconf 75' lang='lat'>441</span> <span class='ocrx_word' id='word_1_380' title='bbox 1345 2776 1431 2808; x_wconf 75' lang='lat' dir='ltr'>app.</span> <span class='ocrx_word' id='word_1_381' title='bbox 1460 2769 1522 2799; x_wconf 78' lang='lat'>154</span> 
     </span>
    </p>

    <p class='ocr_par' dir='ltr' id='par_1_44' title="bbox 1066 2812 1390 2844">
     <span class='ocr_line' id='line_1_83' title="bbox 1066 2812 1390 2844; baseline 0.003 -1"><span class='ocrx_word' id='word_1_382' title='bbox 1066 2812 1223 2844; x_wconf 85' lang='lat' dir='ltr'>alienum</span> <span class='ocrx_word' id='word_1_383' title='bbox 1251 2823 1326 2844; x_wconf 89' lang='lat' dir='ltr'>aes</span> <span class='ocrx_word' id='word_1_384' title='bbox 1353 2815 1390 2844; x_wconf 91' lang='lat'>11</span> 
     </span>
    </p>

    <p class='ocr_par' dir='ltr' id='par_1_45' title="bbox 1065 2854 1803 2900">
     <span class='ocr_line' id='line_1_84' title="bbox 1065 2854 1803 2900; baseline 0 -11"><span class='ocrx_word' id='word_1_385' title='bbox 1065 2859 1260 2890; x_wconf 52' lang='grc' dir='ltr'><strong>ἔκηε-24</strong></span> <span class='ocrx_word' id='word_1_386' title='bbox 1285 2855 1456 2900; x_wconf 76' lang='lat' dir='ltr'>(bis)·514</span> <span class='ocrx_word' id='word_1_387' title='bbox 1480 2854 1561 2898; x_wconf 69' lang='lat' dir='ltr'>(bis)</span> <span class='ocrx_word' id='word_1_388' title='bbox 1593 2858 1658 2889; x_wconf 82' lang='lat'>590</span> <span class='ocrx_word' id='word_1_389' title='bbox 1699 2859 1803 2889; x_wconf 85' lang='lat' dir='ltr'>aetas</span> 
     </span>
    </p>
   </div>
   <div class='ocr_carea' id='block_1_5' title="bbox 2009 0 2023 3287">
    <p class='ocr_par' dir='ltr' id='par_1_46' title="bbox 2009 0 2023 3287">
     <span class='ocr_line' id='line_1_85' title="bbox 2009 0 2023 3287; baseline 0 0"><span class='ocrx_word' id='word_1_390' title='bbox 2009 0 2023 3287; x_wconf 95' lang='lat' dir='ltr'> </span> 
     </span>
    </p>
   </div>
  </div>
 </body>
</html>
