<?xml version="1.0" encoding="UTF-8"?>
<!DOCTYPE html PUBLIC "-//W3C//DTD XHTML 1.0 Transitional//EN"
    "http://www.w3.org/TR/xhtml1/DTD/xhtml1-transitional.dtd">
<html xmlns="http://www.w3.org/1999/xhtml" xml:lang="en" lang="en">
 <head>
  <title>
</title>
<meta http-equiv="Content-Type" content="text/html;charset=utf-8" />
  <meta name='ocr-system' content='tesseract 3.04.00' />
  <meta name='ocr-capabilities' content='ocr_page ocr_carea ocr_par ocr_line ocrx_word'/>
</head>
<body>
  <div class='ocr_page' id='page_1' title='image "./scaenicaeromano02ribbuoft_0102.png"; bbox 0 0 2023 3287; ppageno 0'>
   <div class='ocr_carea' id='block_1_1' title="bbox 261 225 1197 262">
    <p class='ocr_par' dir='ltr' id='par_1_1' title="bbox 261 225 1197 262">
     <span class='ocr_line' id='line_1_1' title="bbox 261 225 1197 262; baseline 0 -1"><span class='ocrx_word' id='word_1_1' title='bbox 261 225 414 262; x_wconf 83' lang='lat' dir='ltr'>XCVIII</span> <span class='ocrx_word' id='word_1_2' title='bbox 848 225 1197 262; x_wconf 81' lang='lat' dir='ltr'><strong>COROLLARIVM</strong></span> 
     </span>
    </p>
   </div>
   <div class='ocr_carea' id='block_1_2' title="bbox 207 335 1794 2718">
    <p class='ocr_par' dir='ltr' id='par_1_2' title="bbox 262 335 1789 818">
     <span class='ocr_line' id='line_1_2' title="bbox 264 335 1787 389; baseline 0.001 -12"><span class='ocrx_word' id='word_1_3' title='bbox 264 336 501 377; x_wconf 79' lang='lat' dir='ltr'>sententiae</span> <span class='ocrx_word' id='word_1_4' title='bbox 523 337 717 375; x_wconf 76' lang='lat' dir='ltr'>extarent</span> <span class='ocrx_word' id='word_1_5' title='bbox 739 335 1007 389; x_wconf 71' lang='lat' dir='ltr'>sapientibus</span> <span class='ocrx_word' id='word_1_6' title='bbox 1027 336 1230 378; x_wconf 88' lang='lat' dir='ltr'>nimirum</span> <span class='ocrx_word' id='word_1_7' title='bbox 1250 337 1355 378; x_wconf 83' lang='lat' dir='ltr'>viris</span> <span class='ocrx_word' id='word_1_8' title='bbox 1376 336 1545 378; x_wconf 71' lang='lat' dir='ltr'>Socrati</span> <span class='ocrx_word' id='word_1_9' title='bbox 1559 335 1787 379; x_wconf 86' lang='lat' dir='ltr'>Aristoteli</span> 
     </span>
     <span class='ocr_line' id='line_1_3' title="bbox 263 406 1787 462; baseline 0.001 -15"><span class='ocrx_word' id='word_1_10' title='bbox 263 406 423 447; x_wconf 82' lang='lat' dir='ltr'>Zenoni</span> <span class='ocrx_word' id='word_1_11' title='bbox 458 406 642 447; x_wconf 70' lang='lat' dir='ltr'>senecae.</span> <span class='ocrx_word' id='word_1_12' title='bbox 677 406 773 447; x_wconf 88' lang='lat' dir='ltr'>aliis</span> <span class='ocrx_word' id='word_1_13' title='bbox 812 406 1052 448; x_wconf 85' lang='lat' dir='ltr'>tribuenda.</span> <span class='ocrx_word' id='word_1_14' title='bbox 1118 407 1269 462; x_wconf 85' lang='lat' dir='ltr'>Itaque</span> <span class='ocrx_word' id='word_1_15' title='bbox 1309 410 1403 448; x_wconf 85' lang='lat' dir='ltr'>orta</span> <span class='ocrx_word' id='word_1_16' title='bbox 1443 409 1559 462; x_wconf 86' lang='lat' dir='ltr'>sunt,</span> <span class='ocrx_word' id='word_1_17' title='bbox 1597 410 1645 448; x_wconf 89' lang='lat' dir='ltr'>ut</span> <span class='ocrx_word' id='word_1_18' title='bbox 1681 408 1787 449; x_wconf 86' lang='lat' dir='ltr'>haec</span> 
     </span>
     <span class='ocr_line' id='line_1_4' title="bbox 262 477 1789 532; baseline 0 -13"><span class='ocrx_word' id='word_1_19' title='bbox 262 478 538 532; x_wconf 87' lang='lat' dir='ltr'>potissimum</span> <span class='ocrx_word' id='word_1_20' title='bbox 570 477 752 531; x_wconf 87' lang='lat' dir='ltr'>laudem,</span> <span class='ocrx_word' id='word_1_21' title='bbox 787 479 829 518; x_wconf 91' lang='lat' dir='ltr'>et</span> <span class='ocrx_word' id='word_1_22' title='bbox 853 478 1200 520; x_wconf 83' lang='lat' dir='ltr'>Pseudosenecac</span> <span class='ocrx_word' id='word_1_23' title='bbox 1233 479 1294 519; x_wconf 82' lang='lat' dir='ltr'>de&#39;</span> <span class='ocrx_word' id='word_1_24' title='bbox 1316 479 1509 522; x_wconf 88' lang='lat' dir='ltr'>moribus</span> <span class='ocrx_word' id='word_1_25' title='bbox 1543 481 1585 519; x_wconf 88' lang='lat' dir='ltr'>et</span> <span class='ocrx_word' id='word_1_26' title='bbox 1612 477 1789 520; x_wconf 75' lang='lat' dir='ltr'>Caecilii</span> 
     </span>
     <span class='ocr_line' id='line_1_5' title="bbox 262 547 1789 603; baseline 0.001 -14"><span class='ocrx_word' id='word_1_27' title='bbox 262 547 408 602; x_wconf 89' lang='lat' dir='ltr'>Balbi,</span> <span class='ocrx_word' id='word_1_28' title='bbox 451 548 522 602; x_wconf 86' lang='lat' dir='ltr'>qui</span> <span class='ocrx_word' id='word_1_29' title='bbox 562 548 724 601; x_wconf 86' lang='lat' dir='ltr'>partim</span> <span class='ocrx_word' id='word_1_30' title='bbox 755 549 1176 591; x_wconf 85' lang='lat' dir='ltr'>narratiuncularum</span> <span class='ocrx_word' id='word_1_31' title='bbox 1219 549 1453 590; x_wconf 82' lang='lat' dir='ltr'>involucris</span> <span class='ocrx_word' id='word_1_32' title='bbox 1498 551 1651 590; x_wconf 85' lang='lat' dir='ltr'>ornata</span> <span class='ocrx_word' id='word_1_33' title='bbox 1689 563 1789 603; x_wconf 88' lang='lat' dir='ltr'>apo-</span> 
     </span>
     <span class='ocr_line' id='line_1_6' title="bbox 262 618 1789 675; baseline 0.001 -16"><span class='ocrx_word' id='word_1_34' title='bbox 262 618 567 674; x_wconf 75' lang='lat' dir='ltr'>phthegmata,</span> <span class='ocrx_word' id='word_1_35' title='bbox 614 619 775 673; x_wconf 88' lang='lat' dir='ltr'>partim</span> <span class='ocrx_word' id='word_1_36' title='bbox 808 635 926 661; x_wconf 86' lang='lat' dir='ltr'>mera</span> <span class='ocrx_word' id='word_1_37' title='bbox 958 621 1073 662; x_wconf 87' lang='lat' dir='ltr'>dicta</span> <span class='ocrx_word' id='word_1_38' title='bbox 1106 621 1299 675; x_wconf 79' lang='lat' dir='ltr'>collegit,</span> <span class='ocrx_word' id='word_1_39' title='bbox 1338 619 1569 675; x_wconf 76' lang='lat' dir='ltr'>florilegia,</span> <span class='ocrx_word' id='word_1_40' title='bbox 1600 619 1789 660; x_wconf 79' lang='lat' dir='ltr'>indidem</span> 
     </span>
     <span class='ocr_line' id='line_1_7' title="bbox 263 690 1789 746; baseline 0.001 -16"><span class='ocrx_word' id='word_1_41' title='bbox 263 692 407 731; x_wconf 89' lang='lat' dir='ltr'>autem</span> <span class='ocrx_word' id='word_1_42' title='bbox 452 690 589 731; x_wconf 87' lang='lat' dir='ltr'>denuo</span> <span class='ocrx_word' id='word_1_43' title='bbox 635 690 679 731; x_wconf 91' lang='lat' dir='ltr'>in</span> <span class='ocrx_word' id='word_1_44' title='bbox 726 691 1036 733; x_wconf 82' lang='lat' dir='ltr'>versiculorum</span> <span class='ocrx_word' id='word_1_45' title='bbox 1079 692 1244 734; x_wconf 89' lang='lat' dir='ltr'>codices</span> <span class='ocrx_word' id='word_1_46' title='bbox 1287 691 1509 746; x_wconf 85' lang='lat' dir='ltr'>prosariae</span> <span class='ocrx_word' id='word_1_47' title='bbox 1552 690 1789 732; x_wconf 86' lang='lat' dir='ltr'>sententiae</span> 
     </span>
     <span class='ocr_line' id='line_1_8' title="bbox 262 761 917 818; baseline 0.002 -16"><span class='ocrx_word' id='word_1_48' title='bbox 262 761 598 814; x_wconf 70' lang='lat' dir='ltr'>interpolatione</span> <span class='ocrx_word' id='word_1_49' title='bbox 630 761 917 818; x_wconf 84' lang='lat' dir='ltr'>translatae.¹)</span> 
     </span>
    </p>

    <p class='ocr_par' dir='ltr' id='par_1_3' title="bbox 207 831 1794 2222">
     <span class='ocr_line' id='line_1_9' title="bbox 379 831 1791 887; baseline 0.001 -15"><span class='ocrx_word' id='word_1_50' title='bbox 379 831 493 872; x_wconf 84' lang='lat' dir='ltr'>lllud</span> <span class='ocrx_word' id='word_1_51' title='bbox 525 846 692 886; x_wconf 85' lang='lat' dir='ltr'>quoque</span> <span class='ocrx_word' id='word_1_52' title='bbox 724 833 922 886; x_wconf 86' lang='lat' dir='ltr'>quotiens</span> <span class='ocrx_word' id='word_1_53' title='bbox 954 834 1119 874; x_wconf 79' lang='lat' dir='ltr'>factum</span> <span class='ocrx_word' id='word_1_54' title='bbox 1152 847 1244 874; x_wconf 85' lang='lat' dir='ltr'>esse</span> <span class='ocrx_word' id='word_1_55' title='bbox 1264 832 1527 887; x_wconf 88' lang='lat' dir='ltr'>putabimus,</span> <span class='ocrx_word' id='word_1_56' title='bbox 1558 834 1606 873; x_wconf 91' lang='lat' dir='ltr'>ut</span> <span class='ocrx_word' id='word_1_57' title='bbox 1624 831 1791 886; x_wconf 78' lang='lat' dir='ltr'>primae</span> 
     </span>
     <span class='ocr_line' id='line_1_10' title="bbox 260 902 1790 945; baseline 0.001 -2"><span class='ocrx_word' id='word_1_58' title='bbox 260 903 431 943; x_wconf 81' lang='lat' dir='ltr'>litterae</span> <span class='ocrx_word' id='word_1_59' title='bbox 453 917 581 943; x_wconf 86' lang='lat' dir='ltr'>causa</span> <span class='ocrx_word' id='word_1_60' title='bbox 600 902 817 944; x_wconf 89' lang='lat' dir='ltr'>inmutata</span> <span class='ocrx_word' id='word_1_61' title='bbox 838 904 1076 945; x_wconf 87' lang='lat' dir='ltr'>sententiae</span> <span class='ocrx_word' id='word_1_62' title='bbox 1098 904 1230 945; x_wconf 83' lang='lat' dir='ltr'>verba</span> <span class='ocrx_word' id='word_1_63' title='bbox 1251 903 1368 944; x_wconf 76' lang='lat' dir='ltr'>sint?</span> <span class='ocrx_word' id='word_1_64' title='bbox 1396 904 1514 944; x_wconf 91' lang='lat' dir='ltr'>cuius</span> <span class='ocrx_word' id='word_1_65' title='bbox 1536 903 1790 945; x_wconf 81' lang='lat' dir='ltr'>mutationis</span> 
     </span>
     <span class='ocr_line' id='line_1_11' title="bbox 262 974 1792 1028; baseline 0.001 -14"><span class='ocrx_word' id='word_1_66' title='bbox 262 974 456 1027; x_wconf 83' lang='lat' dir='ltr'>exemplo</span> <span class='ocrx_word' id='word_1_67' title='bbox 485 975 585 1014; x_wconf 86' lang='lat' dir='ltr'>sunt</span> <span class='ocrx_word' id='word_1_68' title='bbox 609 989 646 1015; x_wconf 84' lang='lat' dir='ltr'>v.</span> <span class='ocrx_word' id='word_1_69' title='bbox 674 974 759 1015; x_wconf 88' lang='lat'>326</span> <span class='ocrx_word' id='word_1_70' title='bbox 787 976 829 1014; x_wconf 89' lang='lat' dir='ltr'>et</span> <span class='ocrx_word' id='word_1_71' title='bbox 850 975 933 1015; x_wconf 90' lang='grc'>628</span> <span class='ocrx_word' id='word_1_72' title='bbox 956 975 1195 1028; x_wconf 86' lang='lat' dir='ltr'>comparati</span> <span class='ocrx_word' id='word_1_73' title='bbox 1217 989 1313 1016; x_wconf 88' lang='lat' dir='ltr'>cum</span> <span class='ocrx_word' id='word_1_74' title='bbox 1335 974 1406 1028; x_wconf 89' lang='lat' dir='ltr'>eis,</span> <span class='ocrx_word' id='word_1_75' title='bbox 1433 974 1579 1028; x_wconf 81' lang='lat' dir='ltr'>quales</span> <span class='ocrx_word' id='word_1_76' title='bbox 1599 974 1792 1015; x_wconf 82' lang='lat' dir='ltr'>laudavit</span> 
     </span>
     <span class='ocr_line' id='line_1_12' title="bbox 261 1044 1792 1099; baseline 0 -14"><span class='ocrx_word' id='word_1_77' title='bbox 261 1044 566 1099; x_wconf 72' lang='lat' dir='ltr'>Hieronymus,</span> <span class='ocrx_word' id='word_1_78' title='bbox 599 1047 642 1085; x_wconf 87' lang='lat' dir='ltr'>et</span> <span class='ocrx_word' id='word_1_79' title='bbox 673 1045 758 1085; x_wconf 86' lang='lat'>236</span> <span class='ocrx_word' id='word_1_80' title='bbox 786 1045 981 1087; x_wconf 84' lang='lat' dir='ltr'>conlatus</span> <span class='ocrx_word' id='word_1_81' title='bbox 1009 1060 1104 1086; x_wconf 89' lang='lat' dir='ltr'>cum</span> <span class='ocrx_word' id='word_1_82' title='bbox 1132 1044 1391 1086; x_wconf 76' lang='lat' dir='ltr'>Senecarum</span> <span class='ocrx_word' id='word_1_83' title='bbox 1416 1045 1692 1098; x_wconf 73' lang='lat' dir='ltr'>testimoniis,</span> <span class='ocrx_word' id='word_1_84' title='bbox 1723 1045 1792 1085; x_wconf 84' lang='lat' dir='ltr'>vel</span> 
     </span>
     <span class='ocr_line' id='line_1_13' title="bbox 265 1113 1791 1169; baseline -0.001 -13"><span class='ocrx_word' id='word_1_85' title='bbox 265 1115 345 1156; x_wconf 83' lang='grc'>149</span> <span class='ocrx_word' id='word_1_86' title='bbox 380 1130 477 1156; x_wconf 84' lang='grc'>011111</span> <span class='ocrx_word' id='word_1_87' title='bbox 498 1113 677 1156; x_wconf 76' lang='lat' dir='ltr'>Caecilii</span> <span class='ocrx_word' id='word_1_88' title='bbox 697 1115 826 1157; x_wconf 84' lang='lat' dir='ltr'>Balbi</span> <span class='ocrx_word' id='word_1_89' title='bbox 844 1116 965 1157; x_wconf 90' lang='lat' dir='ltr'>loco.</span> <span class='ocrx_word' id='word_1_90' title='bbox 1006 1115 1218 1157; x_wconf 87' lang='lat' dir='ltr'>Variandi</span> <span class='ocrx_word' id='word_1_91' title='bbox 1252 1118 1396 1156; x_wconf 88' lang='lat' dir='ltr'>autem</span> <span class='ocrx_word' id='word_1_92' title='bbox 1418 1115 1791 1169; x_wconf 87' lang='lat' dir='ltr'>amplificandique</span> 
     </span>
     <span class='ocr_line' id='line_1_14' title="bbox 260 1186 1792 1240; baseline 0 -13"><span class='ocrx_word' id='word_1_93' title='bbox 260 1186 438 1227; x_wconf 85' lang='lat' dir='ltr'>libidine</span> <span class='ocrx_word' id='word_1_94' title='bbox 488 1186 736 1227; x_wconf 83' lang='lat' dir='ltr'>foedissime</span> <span class='ocrx_word' id='word_1_95' title='bbox 788 1187 1070 1240; x_wconf 82' lang='lat' dir='ltr'>depravatum</span> <span class='ocrx_word' id='word_1_96' title='bbox 1121 1201 1212 1227; x_wconf 89' lang='lat' dir='ltr'>esse</span> <span class='ocrx_word' id='word_1_97' title='bbox 1262 1189 1427 1227; x_wconf 85' lang='lat' dir='ltr'>text-um</span> <span class='ocrx_word' id='word_1_98' title='bbox 1476 1187 1520 1227; x_wconf 92' lang='lat' dir='ltr'>in</span> <span class='ocrx_word' id='word_1_99' title='bbox 1570 1186 1792 1227; x_wconf 88' lang='lat' dir='ltr'>Turicensi</span> 
     </span>
     <span class='ocr_line' id='line_1_15' title="bbox 263 1257 1790 1311; baseline 0 -14"><span class='ocrx_word' id='word_1_100' title='bbox 263 1257 450 1297; x_wconf 79' lang='lat' dir='ltr'>maxime</span> <span class='ocrx_word' id='word_1_101' title='bbox 482 1257 593 1299; x_wconf 91' lang='lat' dir='ltr'>libro</span> <span class='ocrx_word' id='word_1_102' title='bbox 628 1272 724 1298; x_wconf 89' lang='lat' dir='ltr'>cum</span> <span class='ocrx_word' id='word_1_103' title='bbox 758 1260 937 1311; x_wconf 86' lang='lat' dir='ltr'>constet,</span> <span class='ocrx_word' id='word_1_104' title='bbox 970 1257 1102 1298; x_wconf 87' lang='lat' dir='ltr'>etiam</span> <span class='ocrx_word' id='word_1_105' title='bbox 1134 1258 1178 1298; x_wconf 91' lang='lat' dir='ltr'>in</span> <span class='ocrx_word' id='word_1_106' title='bbox 1200 1257 1377 1298; x_wconf 87' lang='lat' dir='ltr'>alterius</span> <span class='ocrx_word' id='word_1_107' title='bbox 1399 1257 1550 1298; x_wconf 86' lang='lat' dir='ltr'>classis</span> <span class='ocrx_word' id='word_1_108' title='bbox 1572 1257 1790 1298; x_wconf 77' lang='lat' dir='ltr'>codicibus</span> 
     </span>
     <span class='ocr_line' id='line_1_16' title="bbox 262 1328 1792 1382; baseline 0 -14"><span class='ocrx_word' id='word_1_109' title='bbox 262 1328 392 1368; x_wconf 88' lang='lat' dir='ltr'>nimis</span> <span class='ocrx_word' id='word_1_110' title='bbox 444 1342 571 1381; x_wconf 84' lang='lat' dir='ltr'>saepe</span> <span class='ocrx_word' id='word_1_111' title='bbox 620 1328 683 1369; x_wconf 89' lang='lat' dir='ltr'>ita</span> <span class='ocrx_word' id='word_1_112' title='bbox 735 1331 984 1382; x_wconf 78' lang='lat' dir='ltr'>corruptum</span> <span class='ocrx_word' id='word_1_113' title='bbox 1035 1328 1308 1381; x_wconf 82' lang='lat' dir='ltr'>offendimus,</span> <span class='ocrx_word' id='word_1_114' title='bbox 1358 1330 1406 1368; x_wconf 86' lang='lat' dir='ltr'>ut</span> <span class='ocrx_word' id='word_1_115' title='bbox 1455 1328 1624 1369; x_wconf 88' lang='lat' dir='ltr'>restitui</span> <span class='ocrx_word' id='word_1_116' title='bbox 1676 1330 1792 1369; x_wconf 88' lang='lat' dir='ltr'>certa</span> 
     </span>
     <span class='ocr_line' id='line_1_17' title="bbox 262 1399 1792 1453; baseline 0 -14"><span class='ocrx_word' id='word_1_117' title='bbox 262 1399 429 1439; x_wconf 86' lang='lat' dir='ltr'>medela</span> <span class='ocrx_word' id='word_1_118' title='bbox 464 1413 551 1439; x_wconf 90' lang='lat' dir='ltr'>non</span> <span class='ocrx_word' id='word_1_119' title='bbox 588 1399 729 1453; x_wconf 78' lang='lat' dir='ltr'>possit</span> <span class='ocrx_word' id='word_1_120' title='bbox 769 1414 817 1440; x_wconf 80' lang='lat' dir='ltr'>ac</span> <span class='ocrx_word' id='word_1_121' title='bbox 854 1414 907 1440; x_wconf 92' lang='lat' dir='ltr'>ne</span> <span class='ocrx_word' id='word_1_122' title='bbox 948 1399 1234 1453; x_wconf 80' lang='lat' dir='ltr'>probabiliter</span> <span class='ocrx_word' id='word_1_123' title='bbox 1271 1399 1443 1453; x_wconf 84' lang='lat' dir='ltr'>quidem</span> <span class='ocrx_word' id='word_1_124' title='bbox 1483 1399 1584 1439; x_wconf 44' lang='lat' dir='ltr'>sine-</span> <span class='ocrx_word' id='word_1_125' title='bbox 1612 1399 1792 1439; x_wconf 84' lang='lat' dir='ltr'>audacia</span> 
     </span>
     <span class='ocr_line' id='line_1_18' title="bbox 263 1469 1792 1524; baseline -0.001 -13"><span class='ocrx_word' id='word_1_126' title='bbox 263 1470 408 1511; x_wconf 85' lang='lat' dir='ltr'>sanari</span> <span class='ocrx_word' id='word_1_127' title='bbox 447 1472 592 1524; x_wconf 87' lang='lat' dir='ltr'>queat:</span> <span class='ocrx_word' id='word_1_128' title='bbox 638 1485 670 1510; x_wconf 92' lang='lat' dir='ltr'>e.</span> <span class='ocrx_word' id='word_1_129' title='bbox 713 1486 744 1511; x_wconf 89' lang='lat' dir='ltr'>c.</span> <span class='ocrx_word' id='word_1_130' title='bbox 787 1470 884 1511; x_wconf 84' lang='lat'>359.</span> <span class='ocrx_word' id='word_1_131' title='bbox 924 1470 1021 1511; x_wconf 83' lang='lat'>392.</span> <span class='ocrx_word' id='word_1_132' title='bbox 1054 1470 1152 1511; x_wconf 97' lang='grc'>491.</span> <span class='ocrx_word' id='word_1_133' title='bbox 1186 1470 1282 1512; x_wconf 87' lang='grc'>503.</span> <span class='ocrx_word' id='word_1_134' title='bbox 1316 1470 1411 1511; x_wconf 82' lang='grc'>547.</span> <span class='ocrx_word' id='word_1_135' title='bbox 1445 1469 1542 1510; x_wconf 84' lang='grc'>583.</span> <span class='ocrx_word' id='word_1_136' title='bbox 1576 1470 1673 1511; x_wconf 85' lang='grc'>659.</span> <span class='ocrx_word' id='word_1_137' title='bbox 1706 1470 1792 1510; x_wconf 90' lang='grc'>660</span> 
     </span>
     <span class='ocr_line' id='line_1_19' title="bbox 207 1540 1791 1596; baseline -0.001 -14"><span class='ocrx_word' id='word_1_138' title='bbox 207 1591 209 1596; x_wconf 30' lang='grc' dir='ltr'>Ι</span> <span class='ocrx_word' id='word_1_139' title='bbox 263 1556 322 1595; x_wconf 84' lang='lat' dir='ltr'>sq.</span> <span class='ocrx_word' id='word_1_140' title='bbox 357 1541 453 1582; x_wconf 87' lang='lat'>663.</span> <span class='ocrx_word' id='word_1_141' title='bbox 488 1541 585 1582; x_wconf 87' lang='lat'>665.</span> <span class='ocrx_word' id='word_1_142' title='bbox 618 1541 715 1583; x_wconf 83' lang='lat'>669.</span> <span class='ocrx_word' id='word_1_143' title='bbox 749 1541 834 1583; x_wconf 89' lang='lat'>675</span> <span class='ocrx_word' id='word_1_144' title='bbox 868 1556 928 1595; x_wconf 82' lang='lat' dir='ltr'>sq.</span> <span class='ocrx_word' id='word_1_145' title='bbox 961 1542 1045 1582; x_wconf 89' lang='grc'>689</span> <span class='ocrx_word' id='word_1_146' title='bbox 1081 1556 1139 1595; x_wconf 86' lang='lat' dir='ltr'>sq.</span> <span class='ocrx_word' id='word_1_147' title='bbox 1203 1540 1343 1589; x_wconf 76' lang='lat' dir='ltr'>Quid?</span> <span class='ocrx_word' id='word_1_148' title='bbox 1376 1540 1489 1594; x_wconf 83' lang='lat' dir='ltr'>quod</span> <span class='ocrx_word' id='word_1_149' title='bbox 1517 1555 1569 1580; x_wconf 91' lang='lat' dir='ltr'>ne</span> <span class='ocrx_word' id='word_1_150' title='bbox 1603 1540 1791 1581; x_wconf 88' lang='lat' dir='ltr'>eiusdem</span> 
     </span>
     <span class='ocr_line' id='line_1_20' title="bbox 261 1611 1791 1667; baseline -0.001 -14"><span class='ocrx_word' id='word_1_151' title='bbox 261 1612 433 1667; x_wconf 89' lang='lat' dir='ltr'>quidem</span> <span class='ocrx_word' id='word_1_152' title='bbox 467 1611 618 1653; x_wconf 86' lang='lat' dir='ltr'>classis</span> <span class='ocrx_word' id='word_1_153' title='bbox 652 1612 777 1652; x_wconf 90' lang='lat' dir='ltr'>libris</span> <span class='ocrx_word' id='word_1_154' title='bbox 812 1612 918 1652; x_wconf 89' lang='lat' dir='ltr'>satis</span> <span class='ocrx_word' id='word_1_155' title='bbox 953 1612 1152 1652; x_wconf 86' lang='lat' dir='ltr'>convenit</span> <span class='ocrx_word' id='word_1_156' title='bbox 1184 1612 1234 1652; x_wconf 90' lang='lat' dir='ltr'>de</span> <span class='ocrx_word' id='word_1_157' title='bbox 1268 1611 1450 1665; x_wconf 77' lang='lat' dir='ltr'>singulis</span> <span class='ocrx_word' id='word_1_158' title='bbox 1483 1612 1644 1666; x_wconf 87' lang='lat' dir='ltr'>verbis,</span> <span class='ocrx_word' id='word_1_159' title='bbox 1683 1627 1791 1666; x_wconf 91' lang='lat' dir='ltr'>quae</span> 
     </span>
     <span class='ocr_line' id='line_1_21' title="bbox 261 1682 1792 1737; baseline -0.001 -13"><span class='ocrx_word' id='word_1_160' title='bbox 261 1684 398 1725; x_wconf 89' lang='lat' dir='ltr'>multo</span> <span class='ocrx_word' id='word_1_161' title='bbox 418 1682 618 1724; x_wconf 86' lang='lat' dir='ltr'>licentius</span> <span class='ocrx_word' id='word_1_162' title='bbox 639 1697 768 1736; x_wconf 84' lang='lat' dir='ltr'>quam</span> <span class='ocrx_word' id='word_1_163' title='bbox 788 1682 833 1723; x_wconf 90' lang='lat' dir='ltr'>in</span> <span class='ocrx_word' id='word_1_164' title='bbox 861 1682 958 1723; x_wconf 91' lang='lat' dir='ltr'>aliis</span> <span class='ocrx_word' id='word_1_165' title='bbox 980 1683 1263 1736; x_wconf 75' lang='lat' dir='ltr'>scriptoribus</span> <span class='ocrx_word' id='word_1_166' title='bbox 1297 1684 1346 1723; x_wconf 89' lang='lat' dir='ltr'>fit</span> <span class='ocrx_word' id='word_1_167' title='bbox 1379 1684 1421 1722; x_wconf 91' lang='lat' dir='ltr'>et</span> <span class='ocrx_word' id='word_1_168' title='bbox 1451 1684 1792 1737; x_wconf 86' lang='lat' dir='ltr'>transponuntur</span> 
     </span>
     <span class='ocr_line' id='line_1_22' title="bbox 261 1754 1791 1809; baseline -0.001 -14"><span class='ocrx_word' id='word_1_169' title='bbox 261 1757 305 1796; x_wconf 87' lang='lat' dir='ltr'>et</span> <span class='ocrx_word' id='word_1_170' title='bbox 335 1755 648 1809; x_wconf 82' lang='lat' dir='ltr'>permutantur.</span> <span class='ocrx_word' id='word_1_171' title='bbox 689 1754 867 1795; x_wconf 88' lang='lat' dir='ltr'>Praeter</span> <span class='ocrx_word' id='word_1_172' title='bbox 898 1754 1016 1808; x_wconf 88' lang='lat' dir='ltr'>ipsos</span> <span class='ocrx_word' id='word_1_173' title='bbox 1051 1756 1194 1795; x_wconf 90' lang='lat' dir='ltr'>autem</span> <span class='ocrx_word' id='word_1_174' title='bbox 1214 1754 1524 1795; x_wconf 85' lang='lat' dir='ltr'>versiculorum</span> <span class='ocrx_word' id='word_1_175' title='bbox 1543 1756 1791 1795; x_wconf 88' lang='lat' dir='ltr'>nostrorum</span> 
     </span>
     <span class='ocr_line' id='line_1_23' title="bbox 263 1825 1794 1879; baseline -0.001 -12"><span class='ocrx_word' id='word_1_176' title='bbox 263 1826 431 1868; x_wconf 85' lang='lat' dir='ltr'>codices</span> <span class='ocrx_word' id='word_1_177' title='bbox 474 1826 681 1879; x_wconf 84' lang='lat' dir='ltr'>quantum</span> <span class='ocrx_word' id='word_1_178' title='bbox 730 1825 813 1865; x_wconf 88' lang='lat' dir='ltr'>sibi</span> <span class='ocrx_word' id='word_1_179' title='bbox 863 1825 1122 1866; x_wconf 85' lang='lat' dir='ltr'>indulserint</span> <span class='ocrx_word' id='word_1_180' title='bbox 1171 1825 1476 1878; x_wconf 75' lang='lat' dir='ltr'>compilatores</span> <span class='ocrx_word' id='word_1_181' title='bbox 1526 1825 1794 1879; x_wconf 81' lang='lat' dir='ltr'>intellegitur</span> 
     </span>
     <span class='ocr_line' id='line_1_24' title="bbox 263 1893 1791 1939; baseline -0.001 -1"><span class='ocrx_word' id='word_1_182' title='bbox 263 1896 448 1939; x_wconf 83' lang='lat' dir='ltr'>conlatis</span> <span class='ocrx_word' id='word_1_183' title='bbox 488 1912 524 1937; x_wconf 90' lang='lat' dir='ltr'>v.</span> <span class='ocrx_word' id='word_1_184' title='bbox 563 1896 631 1937; x_wconf 84' lang='lat'>36.</span> <span class='ocrx_word' id='word_1_185' title='bbox 670 1895 737 1937; x_wconf 84' lang='lat'>53.</span> <span class='ocrx_word' id='word_1_186' title='bbox 780 1896 872 1937; x_wconf 90' lang='lat'>132.</span> <span class='ocrx_word' id='word_1_187' title='bbox 908 1895 1003 1937; x_wconf 86' lang='grc'>145.</span> <span class='ocrx_word' id='word_1_188' title='bbox 1035 1895 1133 1937; x_wconf 84' lang='lat'>235.</span> <span class='ocrx_word' id='word_1_189' title='bbox 1165 1896 1263 1936; x_wconf 87' lang='lat'>250.</span> <span class='ocrx_word' id='word_1_190' title='bbox 1297 1896 1393 1937; x_wconf 80' lang='grc'>384.</span> <span class='ocrx_word' id='word_1_191' title='bbox 1433 1895 1517 1936; x_wconf 84' lang='grc'>397</span> <span class='ocrx_word' id='word_1_192' title='bbox 1558 1910 1654 1936; x_wconf 87' lang='lat' dir='ltr'>cum</span> <span class='ocrx_word' id='word_1_193' title='bbox 1688 1893 1791 1936; x_wconf 78' lang='lat' dir='ltr'>Cae-</span> 
     </span>
     <span class='ocr_line' id='line_1_25' title="bbox 264 1966 1790 2021; baseline -0.002 -12"><span class='ocrx_word' id='word_1_194' title='bbox 264 1968 353 2010; x_wconf 89' lang='lat' dir='ltr'>cilii</span> <span class='ocrx_word' id='word_1_195' title='bbox 384 1967 514 2008; x_wconf 86' lang='lat' dir='ltr'>Balbi</span> <span class='ocrx_word' id='word_1_196' title='bbox 552 1982 657 2020; x_wconf 82' lang='lat' dir='ltr'>quos</span> <span class='ocrx_word' id='word_1_197' title='bbox 698 1966 1008 2020; x_wconf 74' lang='lat' dir='ltr'>adscripsimus</span> <span class='ocrx_word' id='word_1_198' title='bbox 1038 1967 1164 2021; x_wconf 88' lang='lat' dir='ltr'>locis,</span> <span class='ocrx_word' id='word_1_199' title='bbox 1203 1967 1270 2008; x_wconf 87' lang='lat' dir='ltr'>vel</span> <span class='ocrx_word' id='word_1_200' title='bbox 1308 1982 1345 2008; x_wconf 90' lang='lat' dir='ltr'>v.</span> <span class='ocrx_word' id='word_1_201' title='bbox 1383 1967 1464 2007; x_wconf 92' lang='lat'>176</span> <span class='ocrx_word' id='word_1_202' title='bbox 1504 1980 1601 2006; x_wconf 87' lang='lat' dir='ltr'>cum</span> <span class='ocrx_word' id='word_1_203' title='bbox 1634 1980 1790 2020; x_wconf 88' lang='lat' dir='ltr'>appen-</span> 
     </span>
     <span class='ocr_line' id='line_1_26' title="bbox 264 2037 1791 2091; baseline -0.002 -11"><span class='ocrx_word' id='word_1_204' title='bbox 264 2039 369 2080; x_wconf 88' lang='lat' dir='ltr'>dicis</span> <span class='ocrx_word' id='word_1_205' title='bbox 397 2054 434 2080; x_wconf 86' lang='lat' dir='ltr'>v.</span> <span class='ocrx_word' id='word_1_206' title='bbox 471 2038 570 2091; x_wconf 82' lang='lat'>100,</span> <span class='ocrx_word' id='word_1_207' title='bbox 604 2038 688 2078; x_wconf 80' lang='grc'>286</span> <span class='ocrx_word' id='word_1_208' title='bbox 723 2052 819 2077; x_wconf 89' lang='lat' dir='ltr'>cum</span> <span class='ocrx_word' id='word_1_209' title='bbox 852 2037 1031 2091; x_wconf 83' lang='lat' dir='ltr'>append.</span> <span class='ocrx_word' id='word_1_210' title='bbox 1065 2038 1132 2078; x_wconf 88' lang='lat'>69.</span> <span class='ocrx_word' id='word_1_211' title='bbox 1177 2038 1222 2078; x_wconf 88' lang='lat' dir='ltr'>in</span> <span class='ocrx_word' id='word_1_212' title='bbox 1254 2038 1372 2078; x_wconf 74' lang='lat' dir='ltr'>euius</span> <span class='ocrx_word' id='word_1_213' title='bbox 1398 2040 1545 2078; x_wconf 87' lang='lat' dir='ltr'>tamen</span> <span class='ocrx_word' id='word_1_214' title='bbox 1566 2037 1791 2078; x_wconf 89' lang='lat' dir='ltr'>sententiis</span> 
     </span>
     <span class='ocr_line' id='line_1_27' title="bbox 264 2107 1791 2163; baseline -0.003 -11"><span class='ocrx_word' id='word_1_215' title='bbox 264 2111 364 2152; x_wconf 90' lang='lat' dir='ltr'>sunt</span> <span class='ocrx_word' id='word_1_216' title='bbox 401 2123 508 2163; x_wconf 84' lang='lat' dir='ltr'>quae</span> <span class='ocrx_word' id='word_1_217' title='bbox 549 2108 600 2149; x_wconf 87' lang='lat' dir='ltr'>ad</span> <span class='ocrx_word' id='word_1_218' title='bbox 639 2109 818 2149; x_wconf 82' lang='lat' dir='ltr'>verbum</span> <span class='ocrx_word' id='word_1_219' title='bbox 858 2108 1107 2161; x_wconf 82' lang='lat' dir='ltr'>conspirent</span> <span class='ocrx_word' id='word_1_220' title='bbox 1144 2123 1241 2149; x_wconf 86' lang='lat' dir='ltr'>cum</span> <span class='ocrx_word' id='word_1_221' title='bbox 1281 2107 1381 2162; x_wconf 73' lang='lat' dir='ltr'>Syri</span> <span class='ocrx_word' id='word_1_222' title='bbox 1420 2108 1635 2162; x_wconf 83' lang='lat' dir='ltr'>Versibus,</span> <span class='ocrx_word' id='word_1_223' title='bbox 1680 2122 1713 2148; x_wconf 93' lang='lat' dir='ltr'>e.</span> <span class='ocrx_word' id='word_1_224' title='bbox 1759 2122 1791 2149; x_wconf 91' lang='lat' dir='ltr'>c.</span> 
     </span>
     <span class='ocr_line' id='line_1_28' title="bbox 267 2178 1404 2222; baseline -0.002 0"><span class='ocrx_word' id='word_1_225' title='bbox 267 2181 362 2222; x_wconf 90' lang='lat'>112.</span> <span class='ocrx_word' id='word_1_226' title='bbox 398 2180 491 2220; x_wconf 87' lang='lat'>130.</span> <span class='ocrx_word' id='word_1_227' title='bbox 528 2180 621 2220; x_wconf 82' lang='lat'>131.</span> <span class='ocrx_word' id='word_1_228' title='bbox 654 2179 752 2220; x_wconf 88' lang='lat'>261.</span> <span class='ocrx_word' id='word_1_229' title='bbox 785 2179 881 2220; x_wconf 86' lang='grc'>286.</span> <span class='ocrx_word' id='word_1_230' title='bbox 914 2179 1012 2220; x_wconf 85' lang='grc'>415.</span> <span class='ocrx_word' id='word_1_231' title='bbox 1045 2178 1143 2220; x_wconf 88' lang='grc'>500.</span> <span class='ocrx_word' id='word_1_232' title='bbox 1176 2178 1273 2220; x_wconf 89' lang='grc'>580.</span> <span class='ocrx_word' id='word_1_233' title='bbox 1307 2178 1404 2220; x_wconf 87' lang='grc'>651.</span> 
     </span>
    </p>

    <p class='ocr_par' dir='ltr' id='par_1_4' title="bbox 265 2249 1792 2718">
     <span class='ocr_line' id='line_1_29' title="bbox 384 2249 1791 2304; baseline -0.001 -13"><span class='ocrx_word' id='word_1_234' title='bbox 384 2250 501 2299; x_wconf 76' lang='lat' dir='ltr'>Quae</span> <span class='ocrx_word' id='word_1_235' title='bbox 521 2250 558 2291; x_wconf 87' lang='lat' dir='ltr'>si</span> <span class='ocrx_word' id='word_1_236' title='bbox 579 2250 642 2291; x_wconf 85' lang='lat' dir='ltr'>ita</span> <span class='ocrx_word' id='word_1_237' title='bbox 675 2253 785 2304; x_wconf 87' lang='lat' dir='ltr'>sunt,</span> <span class='ocrx_word' id='word_1_238' title='bbox 817 2250 912 2304; x_wconf 81' lang='lat' dir='ltr'>quis</span> <span class='ocrx_word' id='word_1_239' title='bbox 940 2250 1055 2290; x_wconf 89' lang='lat' dir='ltr'>ausit</span> <span class='ocrx_word' id='word_1_240' title='bbox 1080 2249 1335 2291; x_wconf 87' lang='lat' dir='ltr'>contendere</span> <span class='ocrx_word' id='word_1_241' title='bbox 1360 2249 1449 2303; x_wconf 86' lang='lat' dir='ltr'>illa,</span> <span class='ocrx_word' id='word_1_242' title='bbox 1475 2264 1582 2304; x_wconf 87' lang='lat' dir='ltr'>quae</span> <span class='ocrx_word' id='word_1_243' title='bbox 1609 2249 1791 2303; x_wconf 84' lang='lat' dir='ltr'>singulis</span> 
     </span>
     <span class='ocr_line' id='line_1_30' title="bbox 266 2320 1792 2374; baseline 0 -11"><span class='ocrx_word' id='word_1_244' title='bbox 266 2323 319 2364; x_wconf 89' lang='lat' dir='ltr'>ad</span> <span class='ocrx_word' id='word_1_245' title='bbox 349 2322 599 2363; x_wconf 83' lang='lat' dir='ltr'>litterarum</span> <span class='ocrx_word' id='word_1_246' title='bbox 639 2321 830 2362; x_wconf 88' lang='lat' dir='ltr'>ordinem</span> <span class='ocrx_word' id='word_1_247' title='bbox 869 2321 1088 2374; x_wconf 88' lang='lat' dir='ltr'>discriptis</span> <span class='ocrx_word' id='word_1_248' title='bbox 1130 2320 1332 2374; x_wconf 84' lang='lat' dir='ltr'>capitulis</span> <span class='ocrx_word' id='word_1_249' title='bbox 1370 2320 1468 2361; x_wconf 85' lang='lat' dir='ltr'>inde</span> <span class='ocrx_word' id='word_1_250' title='bbox 1508 2336 1533 2361; x_wconf 88' lang='lat' dir='ltr'>a</span> <span class='ocrx_word' id='word_1_251' title='bbox 1572 2321 1720 2361; x_wconf 86' lang='lat' dir='ltr'>littera</span> <span class='ocrx_word' id='word_1_252' title='bbox 1751 2320 1792 2363; x_wconf 89' lang='lat' dir='ltr'>N</span> 
     </span>
     <span class='ocr_line' id='line_1_31' title="bbox 266 2390 1791 2447; baseline -0.002 -12"><span class='ocrx_word' id='word_1_253' title='bbox 266 2395 311 2435; x_wconf 93' lang='lat' dir='ltr'>in</span> <span class='ocrx_word' id='word_1_254' title='bbox 350 2392 609 2447; x_wconf 85' lang='lat' dir='ltr'>quibusdam</span> <span class='ocrx_word' id='word_1_255' title='bbox 648 2392 866 2433; x_wconf 86' lang='lat' dir='ltr'>codicibus</span> <span class='ocrx_word' id='word_1_256' title='bbox 909 2392 1073 2432; x_wconf 81' lang='lat' dir='ltr'>adnexa</span> <span class='ocrx_word' id='word_1_257' title='bbox 1104 2392 1307 2446; x_wconf 77' lang='lat' dir='ltr'>legimus,</span> <span class='ocrx_word' id='word_1_258' title='bbox 1340 2390 1613 2432; x_wconf 83' lang='lat' dir='ltr'>Woelfflinus</span> <span class='ocrx_word' id='word_1_259' title='bbox 1648 2394 1791 2432; x_wconf 83' lang='lat' dir='ltr'>autem</span> 
     </span>
     <span class='ocr_line' id='line_1_32' title="bbox 266 2461 1791 2518; baseline -0.002 -13"><span class='ocrx_word' id='word_1_260' title='bbox 266 2463 591 2518; x_wconf 86' lang='lat' dir='ltr'>proverbiorum</span> <span class='ocrx_word' id='word_1_261' title='bbox 632 2463 805 2503; x_wconf 87' lang='grc'>1101111116</span> <span class='ocrx_word' id='word_1_262' title='bbox 849 2478 873 2502; x_wconf 85' lang='lat' dir='ltr'>a</span> <span class='ocrx_word' id='word_1_263' title='bbox 917 2463 1068 2503; x_wconf 86' lang='lat' dir='ltr'>ceteris</span> <span class='ocrx_word' id='word_1_264' title='bbox 1111 2461 1319 2516; x_wconf 80' lang='lat' dir='ltr'>distingui</span> <span class='ocrx_word' id='word_1_265' title='bbox 1364 2461 1518 2514; x_wconf 85' lang='lat' dir='ltr'>voluit,</span> <span class='ocrx_word' id='word_1_266' title='bbox 1557 2476 1791 2516; x_wconf 87' lang='lat' dir='ltr'>numquam</span> 
     </span>
     <span class='ocr_line' id='line_1_33' title="bbox 265 2532 1791 2587; baseline -0.003 -10"><span class='ocrx_word' id='word_1_267' title='bbox 265 2534 455 2577; x_wconf 90' lang='lat' dir='ltr'>numeris</span> <span class='ocrx_word' id='word_1_268' title='bbox 501 2534 704 2576; x_wconf 81' lang='lat' dir='ltr'>conclusa</span> <span class='ocrx_word' id='word_1_269' title='bbox 743 2533 908 2574; x_wconf 74' lang='lat' dir='ltr'>fuisse?</span> <span class='ocrx_word' id='word_1_270' title='bbox 953 2548 1059 2587; x_wconf 87' lang='lat' dir='ltr'>quos</span> <span class='ocrx_word' id='word_1_271' title='bbox 1099 2535 1246 2574; x_wconf 90' lang='lat' dir='ltr'>tamen</span> <span class='ocrx_word' id='word_1_272' title='bbox 1296 2547 1393 2573; x_wconf 88' lang='lat' dir='ltr'>cum</span> <span class='ocrx_word' id='word_1_273' title='bbox 1442 2532 1634 2586; x_wconf 82' lang='lat' dir='ltr'>integros</span> <span class='ocrx_word' id='word_1_274' title='bbox 1686 2532 1791 2573; x_wconf 86' lang='lat' dir='ltr'>adeo</span> 
     </span>
     <span class='ocr_line' id='line_1_34' title="bbox 267 2602 1791 2658; baseline -0.003 -11"><span class='ocrx_word' id='word_1_275' title='bbox 267 2605 533 2647; x_wconf 84' lang='lat' dir='ltr'>servaverint</span> <span class='ocrx_word' id='word_1_276' title='bbox 560 2619 656 2658; x_wconf 91' lang='lat' dir='ltr'>app.</span> <span class='ocrx_word' id='word_1_277' title='bbox 688 2604 756 2644; x_wconf 86' lang='lat'>26.</span> <span class='ocrx_word' id='word_1_278' title='bbox 789 2605 857 2645; x_wconf 88' lang='lat'>27.</span> <span class='ocrx_word' id='word_1_279' title='bbox 893 2604 988 2656; x_wconf 90' lang='lat'>100,</span> <span class='ocrx_word' id='word_1_280' title='bbox 1018 2618 1097 2644; x_wconf 89' lang='lat' dir='ltr'>nec</span> <span class='ocrx_word' id='word_1_281' title='bbox 1128 2604 1174 2644; x_wconf 91' lang='lat' dir='ltr'>in</span> <span class='ocrx_word' id='word_1_282' title='bbox 1204 2618 1241 2644; x_wconf 88' lang='lat' dir='ltr'>v.</span> <span class='ocrx_word' id='word_1_283' title='bbox 1284 2604 1318 2644; x_wconf 92' lang='lat'>1.</span> <span class='ocrx_word' id='word_1_284' title='bbox 1352 2604 1389 2644; x_wconf 86' lang='lat'>5.</span> <span class='ocrx_word' id='word_1_285' title='bbox 1427 2602 1491 2643; x_wconf 85' lang='lat'>15.</span> <span class='ocrx_word' id='word_1_286' title='bbox 1523 2603 1591 2643; x_wconf 87' lang='lat'>23.</span> <span class='ocrx_word' id='word_1_287' title='bbox 1624 2603 1691 2643; x_wconf 90' lang='grc'>28.</span> <span class='ocrx_word' id='word_1_288' title='bbox 1724 2603 1791 2644; x_wconf 89' lang='lat'>31.</span> 
     </span>
     <span class='ocr_line' id='line_1_35' title="bbox 268 2673 1791 2718; baseline -0.001 -1"><span class='ocrx_word' id='word_1_289' title='bbox 268 2677 335 2718; x_wconf 87' lang='lat'>33.</span> <span class='ocrx_word' id='word_1_290' title='bbox 366 2676 434 2717; x_wconf 83' lang='lat'>40.</span> <span class='ocrx_word' id='word_1_291' title='bbox 466 2674 534 2716; x_wconf 92' lang='grc'>45.</span> <span class='ocrx_word' id='word_1_292' title='bbox 566 2674 635 2716; x_wconf 90' lang='grc'>47.</span> <span class='ocrx_word' id='word_1_293' title='bbox 668 2675 735 2716; x_wconf 86' lang='grc'>63.</span> <span class='ocrx_word' id='word_1_294' title='bbox 769 2675 836 2716; x_wconf 85' lang='grc'>64,</span> <span class='ocrx_word' id='word_1_295' title='bbox 870 2675 936 2715; x_wconf 87' lang='grc'>72.</span> <span class='ocrx_word' id='word_1_296' title='bbox 970 2675 1037 2716; x_wconf 87' lang='grc'>74.</span> <span class='ocrx_word' id='word_1_297' title='bbox 1072 2674 1165 2715; x_wconf 85' lang='grc'>103.</span> <span class='ocrx_word' id='word_1_298' title='bbox 1197 2674 1290 2714; x_wconf 89' lang='grc'>112.</span> <span class='ocrx_word' id='word_1_299' title='bbox 1320 2674 1414 2714; x_wconf 88' lang='grc'>116.</span> <span class='ocrx_word' id='word_1_300' title='bbox 1447 2673 1541 2714; x_wconf 90' lang='grc'>117.</span> <span class='ocrx_word' id='word_1_301' title='bbox 1571 2673 1665 2714; x_wconf 89' lang='grc'>118.</span> <span class='ocrx_word' id='word_1_302' title='bbox 1696 2674 1791 2716; x_wconf 87' lang='grc'>120.</span> 
     </span>
    </p>
   </div>
   <div class='ocr_carea' id='block_1_3' title="bbox 269 2777 1792 2942">
    <p class='ocr_par' dir='ltr' id='par_1_5' title="bbox 269 2777 1792 2942">
     <span class='ocr_line' id='line_1_36' title="bbox 367 2777 1792 2825; baseline -0.001 -11"><span class='ocrx_word' id='word_1_303' title='bbox 367 2780 390 2825; x_wconf 87' lang='lat'>¹)</span> <span class='ocrx_word' id='word_1_304' title='bbox 422 2780 529 2814; x_wconf 85' lang='lat' dir='ltr'>Novo</span> <span class='ocrx_word' id='word_1_305' title='bbox 561 2779 631 2814; x_wconf 89' lang='lat' dir='ltr'>hoc</span> <span class='ocrx_word' id='word_1_306' title='bbox 669 2778 934 2824; x_wconf 83' lang='lat' dir='ltr'>florilegiorum</span> <span class='ocrx_word' id='word_1_307' title='bbox 971 2778 1184 2813; x_wconf 85' lang='lat' dir='ltr'>institutum</span> <span class='ocrx_word' id='word_1_308' title='bbox 1225 2778 1392 2823; x_wconf 83' lang='lat' dir='ltr'>exemplo</span> <span class='ocrx_word' id='word_1_309' title='bbox 1430 2777 1733 2822; x_wconf 82' lang='lat' dir='ltr'>Lugdunensium</span> <span class='ocrx_word' id='word_1_310' title='bbox 1773 2789 1792 2813; x_wconf 92' lang='lat' dir='ltr'>e</span> 
     </span>
     <span class='ocr_line' id='line_1_37' title="bbox 271 2836 1792 2883; baseline -0.002 -10"><span class='ocrx_word' id='word_1_311' title='bbox 271 2839 429 2873; x_wconf 79' lang='lat' dir='ltr'>Senecae</span> <span class='ocrx_word' id='word_1_312' title='bbox 449 2837 652 2883; x_wconf 85' lang='lat' dir='ltr'>tragoediis</span> <span class='ocrx_word' id='word_1_313' title='bbox 667 2839 934 2882; x_wconf 83' lang='lat' dir='ltr'>excerptorum,</span> <span class='ocrx_word' id='word_1_314' title='bbox 956 2849 1048 2882; x_wconf 87' lang='lat' dir='ltr'>quae</span> <span class='ocrx_word' id='word_1_315' title='bbox 1064 2837 1271 2872; x_wconf 84' lang='lat' dir='ltr'>Fridericus</span> <span class='ocrx_word' id='word_1_316' title='bbox 1290 2837 1365 2871; x_wconf 91' lang='lat' dir='ltr'>Leo</span> <span class='ocrx_word' id='word_1_317' title='bbox 1385 2836 1423 2870; x_wconf 90' lang='lat' dir='ltr'>in</span> <span class='ocrx_word' id='word_1_318' title='bbox 1442 2836 1692 2871; x_wconf 86' lang='lat' dir='ltr'>Bonnensium</span> <span class='ocrx_word' id='word_1_319' title='bbox 1711 2837 1792 2882; x_wconf 86' lang='lat' dir='ltr'>phi—</span> 
     </span>
     <span class='ocr_line' id='line_1_38' title="bbox 269 2895 1791 2942; baseline -0.001 -10"><span class='ocrx_word' id='word_1_320' title='bbox 269 2898 478 2942; x_wconf 86' lang='lat' dir='ltr'>lologorum</span> <span class='ocrx_word' id='word_1_321' title='bbox 492 2897 866 2931; x_wconf 82' lang='lat' dir='ltr'>commentationibus</span> <span class='ocrx_word' id='word_1_322' title='bbox 881 2897 1092 2932; x_wconf 81' lang='lat' dir='ltr'>novissimis</span> <span class='ocrx_word' id='word_1_323' title='bbox 1106 2909 1142 2942; x_wconf 88' lang='lat' dir='ltr'>p.</span> <span class='ocrx_word' id='word_1_324' title='bbox 1158 2901 1200 2931; x_wconf 81' lang='grc'>29</span> <span class='ocrx_word' id='word_1_325' title='bbox 1217 2907 1295 2941; x_wconf 86' lang='lat' dir='ltr'>sqq.</span> <span class='ocrx_word' id='word_1_326' title='bbox 1318 2895 1445 2940; x_wconf 85' lang='lat' dir='ltr'>edidit,</span> <span class='ocrx_word' id='word_1_327' title='bbox 1465 2895 1706 2930; x_wconf 87' lang='lat' dir='ltr'>inlustratum</span> <span class='ocrx_word' id='word_1_328' title='bbox 1725 2897 1791 2931; x_wconf 80' lang='lat' dir='ltr'>est.</span> 
     </span>
    </p>
   </div>
   <div class='ocr_carea' id='block_1_4' title="bbox 1912 0 2023 3287">
    <p class='ocr_par' dir='ltr' id='par_1_6' title="bbox 1912 0 2023 3287">
     <span class='ocr_line' id='line_1_39' title="bbox 1912 0 2023 3287; baseline 0 0"><span class='ocrx_word' id='word_1_329' title='bbox 1912 0 2023 3287; x_wconf 95' lang='lat' dir='ltr'> </span> 
     </span>
    </p>
   </div>
   <div class='ocr_carea' id='block_1_5' title="bbox 1969 1285 2000 3252">
    <p class='ocr_par' dir='ltr' id='par_1_7' title="bbox 1969 1285 2000 3252">
     <span class='ocr_line' id='line_1_40' title="bbox 1969 1285 2000 3252; baseline 0 0"><span class='ocrx_word' id='word_1_330' title='bbox 1969 1285 2000 3252; x_wconf 95' lang='lat' dir='ltr'> </span> 
     </span>
    </p>
   </div>
  </div>
 </body>
</html>
