2023 3287
744 275 997 307 CAEC1L1vs
1025 275 1218 307 s‘rA'mvs
1684 272 1735 311 41

918 378 955 418 11·
991 376 1056 433 (2)

339 456 409 496 An
442 455 514 496 libi
547 469 624 495 uos
657 454 767 507 sitis,
800 453 861 494 sbi
894 454 1116 494 consilium
1150 454 1370 495 claudent?

780 546 1184 588 EPISTATHMOS

341 624 383 666 Si
415 625 637 678 prdperas,
669 624 845 665 escende
878 623 959 663 huc
994 637 1131 663 meam
1163 637 1335 663 nauem:
1368 623 1427 662 ita
1460 622 1604 662 (Ueris
1637 624 1699 661 cst

846 715 1131 757 EPISTVLA

932 790 1036 845 10)

343 870 433 911 Iam
471 884 537 910 me
561 870 665 911 {ideo
687 871 851 923 manta,
888 869 972 909 iam
998 868 1079 909 th
1100 867 1212 908 uide:
1246 869 1428 908 caecii's:
1462 867 1742 907 animum....

255 947 310 987 35
343 946 567 987 Aduentus
599 945 731 1000 angit.

915 1020 957 1061 ΙΙ
991 1018 1055 1075 (2)

339 1096 453 1138 Nam
484 1098 608 1138 nobis
643 1097 811 1152 quidem
844 1098 980 1138 n0u6s
1011 1095 1215 1150 repertu’s
1246 1095 1361 1136 I6uis
1395 1094 1507 1135 deus.

220 1226 424 1268 inquisitor.
480 1226 644 1258 ostendit
683 1226 777 1257 enim
809 1225 1006 1257 Caecilium
1037 1225 1073 1256 in
1106 1223 1274 1265 Epiclero
1308 1224 1361 1255 sic
1386 1222 1597 1264 protulisse:
1629 1222 1743 1252 itane'

221 1281 250 1303 e.
276 1281 309 1312 q.
335 1281 362 1302 s.
455 1271 491 1302 11
515 1271 727 1303 Priscianus
745 1271 775 1302 X
794 1272 814 1302 4
839 1281 871 1312 p.
896 1271 961 1303 889
979 1269 1018 1301 P.
1046 1270 1244 1301 ‘inuenitur
1268 1271 1389 1299 tamen
1414 1268 1525 1299 etiam
1552 1266 1743 1298 claudeo

286 1315 472 1347 Caecilius
502 1316 540 1346 in
565 1315 753 1358 Epicleroz
789 1317 848 1347 an'
877 1326 907 1347 e.
925 1324 958 1355 q.
986 1324 1012 1346 s,
1044 1313 1212 1354 (Celius
1244 1313 1332 1354 Reg.
1364 1322 1408 1343 m.
1441 1322 1492 1353 pr.
1525 1310 1743 1343 Claudius

222 1360 330 1403 Sang.
423 1361 467 1391 in
491 1360 705 1402 Epiclero
731 1370 798 1392 om.
825 1359 950 1400 Sang.)
999 1358 1208 1391 Thesaurus
1233 1367 1316 1389 nou.
1342 1358 1424 1388 Lat.
1444 1357 1481 1387 in
1498 1357 1539 1388 A.
1555 1356 1631 1388 Mai
1649 1358 1745 1393 auct..

223 1405 330 1437 class.
366 1405 456 1436 VIII
489 1407 551 1437 107
583 1405 754 1436 ‘dicimus
789 1414 931 1446 quoque
966 1403 1172 1442 claudeo,
1211 1412 1250 1434 cs
1282 1412 1346 1444 pro
1379 1401 1606 1439 claudicare,
1645 1401 1744 1432 uerb.

220 1454 320 1482 nent.
345 1449 439 1481 unde
466 1449 668 1482 Caecilius:
701 1453 766 1481 an’
795 1460 824 1484 e.
851 1459 883 1490 q.
910 1459 936 1480 s.
985 1448 1127 1481 Ibidem
1161 1458 1194 1489 p.
1229 1448 1291 1478 142
1324 1445 1575 1486 ‘claudere'
1609 1444 1742 1477 claudi-

222 1505 313 1527 care.
363 1493 568 1526 Caecilius:
593 1497 674 1526 uos’
703 1505 734 1526 e.
761 1505 792 1536 q.
819 1504 846 1525 S.

309 1540 574 1571 EP1STATHMOS
601 1537 893 1580 (prsTATOMOS)
941 1539 996 1570 De
1015 1537 1196 1569 uehiculis
1223 1539 1259 1569 et
1276 1535 1546 1576 impedimentis
1572 1535 1681 1566 etiam
1706 1535 1744 1566 in

224 1583 414 1633 quidippi
442 1584 646 1625 fragmento
666 1585 801 1625 agitur:
830 1577 971 1624 σκηνὰς
996 1575 1108 1623 ὄχους
1129 1577 1300 1617 Ῥίσκους
1317 1575 1458 1621 αόρτοὶς
1484 1573 1629 1611 λάσανα
1656 1579 1745 1620 λαμ-

220 1639 346 1670 πηνας
363 1625 487 1666 ὅνους.
514 1629 724 1661 Priscianus
742 1629 810 1660 VII
831 1629 868 1659 11
889 1637 921 1668 p.
943 1629 1008 1659 760
1029 1627 1068 1662 Ρ,
1089 1626 1203 1664 ‘celer
1219 1626 1278 1657 uel
1298 1625 1466 1657 celeris
1486 1628 1522 1656 et
1540 1624 1606 1655 hoc
1625 1623 1744 1655 celere

224 1673 480 1706 ...Caecilius
506 1674 543 1704 in
569 1673 822 1714 Epistathmo:
849 1673 900 1704 si’
927 1683 957 1703 e.
975 1682 1006 1713 q.
1034 1681 1060 1703 s.
1110 1670 1332 1711 (Cecilius
1358 1670 1473 1710 Bong.
1499 1668 1606 1700 Halb.
1635 1668 1743 1708 Sang.

222 1717 324 1749 Grut.
343 1717 493 1750 Carolir.
565 1717 850 1760 Epistathmo
870 1715 1088 1758 Spengelius
1108 1715 1388 1757 episathomo
1407 1715 1496 1755 Reg.
1510 1713 1619 1748 Halb.
1637 1712 1744 1744 Barb.

221 1795 300 1816 cum
332 1784 520 1826 Spengelii
558 1787 594 1816 et
625 1783 766 1816 Krehlii
805 1783 963 1825 optimis.
1023 1766 1291 1823 episath⁰m0‚
1328 1791 1408 1822 sup.
1442 1790 1485 1814 m.
1519 1779 1595 1820 alt.,
1629 1779 1744 1821 Bong,

223 1829 534 1871 episathomos
560 1829 686 1860 Bamb.
713 1828 993 1870 epirathomo
1020 1826 1130 1868 Sang.
1158 1826 1260 1858 Grut.
1285 1821 1452 1866 Carolir.)

310 1874 504 1905 EPISTVLA
530 1873 752 1914 (Alexidist2)
801 1873 817 1903 I
842 1873 975 1904 Festus
994 1882 1027 1913 p.
1050 1873 1112 1904 133
1129 1872 1176 1903 M.
1203 1874 1422 1902 ‘mantare
1450 1878 1560 1910 saepe
1587 1878 1744 1900 manere.

223 1917 407 1950 Caecilius
438 1919 475 1949 in
505 1918 691 1960 Epistola:
725 1919 812 1949 iam'
847 1927 876 1949 e.
911 1927 943 1958 q.
974 1926 1001 1950 S.
1139 1916 1175 1948 11
1200 1916 1412 1946 Priscianus
1437 1914 1486 1945 VI
1512 1915 1530 1945 7
1556 1924 1588 1955 p.
1614 1915 1679 1946 695
1704 1914 1743 1944 Ρ.

223 1963 362 1995 ‘Iouis
387 1963 612 1995 nominatiuo
638 1972 779 2004 quoque
807 1972 893 1993 casu
918 1961 1116 1992 inuenitur.
1166 1959 1349 1992 Caecilius
1374 1960 1410 1990 in
1432 1958 1621 2000 Epistula:
1648 1960 1745 1989 nam’

224 2018 254 2040 e.
280 2019 312 2050 q.
339 2018 366 2040 s.
415 2007 624 2048 (cecilius
649 2007 788 2039 Amien.
816 2006 925 2038 Halb.
951 2004 1172 2038 cecellius
1197 2004 1308 2046 Sang.
1334 2002 1516 2036 cicilius
1542 2002 1662 2043 Grut.)

221 2137 259 2172 p.
292 2125 371 2162 699
488 2124 539 2162 32
571 2136 614 2160 an
645 2124 702 2160 uhi
736 2135 800 2159 uos
830 2125 929 2168 sitis,
971 2123 1018 2158 ihi
1048 2123 1296 2167 Priscianus,
1330 2123 1404 2158 nisi
1442 2122 1543 2168 quod
1572 2119 1616 2155 ibi
1649 2121 1744 2167 Res).

223 2194 267 2217 m.
300 2183 365 2218 alt.
410 2180 466 2216 ubi
506 2182 598 2228 Ray.
630 2193 674 2216 m.
706 2192 767 2226 pr.
799 2180 932 2215 Bamb.
965 2179 1084 2215 Bern.
1127 2190 1169 2214 an
1201 2184 1240 2213 ut
1281 2178 1400 2214 sciatis
1442 2176 1499 2212 uhi
1539 2177 1632 2212 tlzes.
1670 2176 1743 2212 107

225 2248 289 2272 uos
322 2238 464 2272 nescitis
487 2236 546 2272 ubi
567 2237 664 2272 idem
688 2235 791 2281 142,
824 2240 863 2271 ut
891 2236 1063 2282 fortasse
1093 2245 1135 2270 an
1168 2234 1225 2269 ubi
1257 2244 1301 2269 nc
1323 2234 1401 2268 silis
1433 2233 1506 2278 (uel
1537 2242 1603 2267 ncc
1633 2243 1660 2269 s.
1688 2234 1747 2267 uel

227 2292 363 2338 desitis)
387 2303 519 2328 uerum
541 2295 598 2327 sit.
688 2291 739 2328 33
762 2298 955 2338 prosperas
974 2290 1067 2338 Req.
1158 2289 1310 2325 escende
1334 2291 1393 2324 uel
1414 2288 1586 2323 exscendc
1611 2288 1746 2323 Guliel-

225 2362 319 2394 mins
361 2359 479 2394 Veris.
502 2359 572 2394 III
592 2358 664 2404 16,
693 2347 893 2404 probatam
917 2358 1116 2404 Spenyelio
1147 2356 1297 2391 extende
1328 2356 1416 2391 libre·
1502 2355 1545 2389 hc
1576 2354 1690 2401 Stangl.

226 2426 335 2450 meam
360 2415 452 2460 Res).
475 2416 509 2449 in
531 2425 643 2449 meam
665 2414 758 2461 Rey.
792 2425 909 2459 corr„
945 2415 1081 2457 ceteri,
1117 2412 1361 2459 Spenqelich:
1389 2411 1560 2457 fortasse
1582 2420 1690 2445 meam
1714 2409 1747 2444 in

226 2471 485 2510 s‹:ribenclunz;
517 2482 566 2505 cm
598 2469 728 2504 scande
751 2469 819 2504 huc
849 2470 883 2503 in
916 2468 1053 2504 meam?
1141 2478 1258 2502 nauum
1291 2467 1406 2514 Sany.
1441 2466 1548 2501 Grut.
1584 2464 1745 2500 Carolir.

335 2536 460 2561 nauem
482 2536 591 2560 nicam
615 2535 712 2560 unus
737 2524 889 2560 Monac.
976 2525 1113 2560 Versus
1145 2528 1227 2558 ectr.
1252 2523 1372 2558 [rocla.
1391 2522 1513 2567 fuisse
1547 2521 1746 2556 uidebatur

227 2582 424 2629 Spetzyelio
540 2579 591 2615 34
623 2591 677 2615 mc
709 2581 845 2625 Aldus,
880 2581 1062 2625 probauit
1094 2579 1327 2625 Spenyelius.
1370 2588 1413 2611 nc
1452 2577 1532 2612 cod.
1574 2576 1688 2622 (quod
1717 2578 1749 2611 si

227 2648 358 2673 uerum
391 2643 464 2682 esc,
505 2638 618 2671 iamne
655 2635 742 2671 adeo
775 2636 931 2671 mantas?
971 2637 1107 2681 uliquis
1146 2635 1446 2680 interroyanisse
1480 2627 1647 2680 uidetur)
1679 2641 1747 2677 quc

230 2694 387 2729 Botlzius
501 2703 626 2727 caecus
666 2693 766 2735 cod„
807 2691 908 2737 quod
945 2693 1048 2726 nolui
1083 2693 1120 2725 in
1161 2700 1301 2725 caecum
1333 2692 1491 2723 mutare.
1552 2687 1748 2722 Lacunam

227 2749 406 2784 indicauit
445 2749 620 2792 Vrsinus,
653 2759 765 2794 quam
797 2758 870 2782 non
901 2757 985 2782 cum
1017 2746 1211 2791 Scaliyero
1248 2749 1282 2779 ec
1316 2743 1449 2780 Botleio
1480 2743 1748 2790 rzeyleyenclam

229 2814 310 2840 esse
343 2807 488 2840 monuit
528 2804 765 2850 Spenqele'us.
828 2801 874 2837 In
913 2812 1050 2837 manca
1093 2805 1127 2835 et
1165 2801 1329 2836 obscura
1370 2800 1555 2835 sententia
1591 2798 1748 2844 frustra

229 2861 415 2906 inyem‘um
445 2869 648 2896 exerceas.
765 2858 815 2894 36
848 2856 950 2893 nobis
982 2856 1122 2904 quiden]
1155 2866 1269 2891 nouos
1301 2856 1442 2901 scripsi
1475 2853 1576 2889 nobis
1608 2853 1747 2901 quidem

230 2916 370 2951 Amien.
406 2915 518 2963 Stangl.
564 2915 666 2951 Viml.
702 2915 808 2951 Grac.
843 2913 1019 2958 Carolir.‚
1053 2912 1245 2959 Spenyelz'i
1282 2920 1407 2947 omnes
1444 2910 1574 2947 nobuus
1607 2909 1749 2957 quidem
