2023 3287
282 199 307 239 02

312 198 336 239 O

338 198 364 238 [Q

916 195 1170 229 CA'I'VLLVS

793 418 1299 476 GATVLLVS

876 584 1225 628 LAVREOLVS

1031 662 1054 704 I

402 742 620 785 quenalis
659 744 736 783 sat.
776 740 886 783 VIII
927 741 1008 782 187
1054 740 1326 782 ‘Laureolum
1363 740 1489 782 uelox
1532 738 1662 780 etiam
1704 738 1812 779 bene

285 821 493 862 Lentulus
532 819 620 874 egit
651 818 794 860 Iudice
820 832 887 859 me
920 817 1074 872 dignus
1101 832 1204 858 uera
1241 820 1391 859 cruce.²
1449 816 1681 858 scholiasta
1718 815 1814 857 ‘hoc

286 899 380 940 ideo
420 897 518 952 quia
561 897 606 937 111
650 896 743 950 ipso
782 895 912 937 mimo
952 894 1161 936 Laureolo
1205 894 1352 949 figitur
1396 908 1514 935 crux:
1558 892 1670 934 unde
1714 907 1816 934 uera

289 989 411 1017 cruce
444 974 599 1029 dignus
632 975 696 1014 est
715 972 943 1027 Lentulus,
976 971 1047 1026 qui
1078 973 1200 1013 tanto
1235 970 1527 1012 detestabilior
1547 971 1622 1024 est,
1655 971 1816 1024 quanto

287 1053 439 1094 melius
478 1052 646 1106 gestum
684 1049 877 1090 imitatus
916 1051 981 1090 est
1013 1049 1238 1090 scenicum.
1306 1048 1375 1089 hic
1415 1047 1623 1088 Lentulus
1661 1046 1817 1088 nobilis

290 1130 373 1171 fuit
405 1131 448 1170 et
480 1128 667 1182 suscepit
699 1127 811 1168 serui
842 1141 1070 1181 personam
1096 1126 1142 1166 in
1174 1125 1340 1181 agendo
1361 1125 1491 1166 mimo
1513 1126 1555 1165 et
1586 1123 1818 1178 deprehen-

291 1207 427 1249 5115111
449 1206 556 1247 falso
590 1205 703 1246 cruci
723 1204 831 1245 fixus
858 1205 948 1244 est.²
1013 1202 1221 1257 Iosephus
1255 1202 1385 1257 antiq.
1406 1201 1510 1243 XIX
1535 1201 1570 1255 1,
1606 1201 1658 1242 13
1691 1207 1822 1255 μῖμος

291 1281 532 1338 εἰσάγεται,
564 1277 668 1324 καθ’
706 1277 758 1323 ὃν
791 1280 1058 1335 σταυροῦται,
1091 1279 1263 1335 λῃστῶν
1295 1275 1485 1334 ἡγεμών.

1030 1356 1073 1398 II

412 1436 642 1478 Suetonius
675 1434 809 1490 Calig.
841 1434 895 1476 57
940 1435 998 1475 ‘et
1029 1448 1124 1475 cum
1161 1433 1207 1474 111
1238 1432 1448 1475 Laureolo
1480 1432 1624 1487 mimo,
1660 1432 1706 1472 111
1738 1446 1821 1486 quo

294 1516 414 1556 actor
432 1513 674 1569 proripiens
695 1526 738 1553 se
758 1511 884 1553 ruina
904 1510 1159 1566 sanguinem
1179 1511 1333 1565 uomit,
1364 1510 1507 1565 plures
1541 1509 1822 1550 secundarum

293 1592 488 1634 certatim
520 1590 859 1646 experimentum
878 1589 982 1631 artis
1015 1588 1184 1643 darent,
1216 1601 1364 1629 cruore
1386 1601 1539 1629 scaena
1560 1585 1823 1628 abundauit?

939 1682 1180 1725 PHASMA

379 1763 629 1821 ‚quenalis
668 1761 778 1804 VIII
817 1761 899 1804 185
938 1761 1219 1815 ‘consumptis
1265 1760 1417 1815 opibus
1458 1774 1625 1814 uocem,
1668 1758 1824 1800 Dama-

296 1842 434 1896 sippe,
471 1840 622 1882 locasti
656 1838 840 1894 Sipario,
879 1839 1113 1880 clamosum
1155 1851 1303 1893 ageres
1341 1838 1389 1878 ut
1420 1836 1607 1878 Phasma
1639 1835 1824 1878 Catulli?

388 1970 605 2003 CATVLLvs:
638 1969 680 2002 (10
712 1969 855 2001 nomine
889 1969 935 2000 cf.
966 1968 1008 2000 L.
1043 1968 1258 2001 Sehwabius
1289 1969 1431 2009 quaest.
1465 1966 1599 2002 Catull.
1630 1977 1664 2008 p.
1699 1967 1758 2006 18,
1783 1966 1824 1998 L.

300 2016 456 2049 Mueller
480 2026 571 2047 mus.
597 2015 714 2046 Rhen.
733 2014 853 2046 XXIV
870 2015 933 2045 621
953 2024 1007 2055 sq.
1115 2014 1337 2045 LAvnmonvs
1385 2013 1401 2044 Ι
1427 2010 1617 2053 nobilis]
1645 2011 1826 2043 mobilis

298 2061 502 2100 Usenerus,
537 2070 608 2100 quo
639 2060 775 2092 uelox
807 2059 911 2090 reddi
943 2061 1065 2100 putat;
1098 2058 1162 2089 sed
1194 2058 1277 2089 uide
1310 2058 1436 2089 quen.
1469 2057 1557 2089 VIII
1590 2059 1651 2089 199
1684 2056 1827 2088 ‘mimus

298 2106 460 2139 nobilis’.
508 2104 563 2136 Cf.
590 2104 774 2136 Martialis
807 2104 850 2135 de
883 2107 1044 2145 spectac.
1070 2103 1141 2136 VII
1173 2103 1349 2145 ‘qualiter
1381 2103 1418 2133 in
1444 2101 1618 2143 Scythica
1650 2102 1827 2143 religatus

299 2162 387 2194 rupe
414 2150 652 2182 Prometheus
678 2149 873 2181 Assiduam
898 2149 1009 2192 nimio
1036 2152 1187 2190 pectore
1214 2149 1316 2190 pauit
1343 2158 1465 2187 auem,
1493 2147 1599 2180 Nuda
1626 2147 1826 2179 Caledonio

299 2197 353 2229 sic
378 2197 524 2228 uiscera
549 2195 720 2237 praebuit
738 2205 821 2226 urso
848 2195 939 2226 Non
966 2193 1088 2225 falsa
1113 2193 1314 2235 pendens
1340 2194 1383 2224 in
1409 2202 1539 2224 cruce
1558 2192 1825 2224 Laureolus'

302 2253 332 2274 e.
359 2252 391 2284 q.
416 2251 443 2273 5.
491 2240 740 2272 Tertullianus
767 2239 848 2271 adu.
873 2239 1059 2272 Valentin.
1089 2240 1129 2270 14
1156 2240 1225 2271 ‘ita
1252 2238 1406 2280 depulsa
1427 2248 1497 2279 quo
1516 2239 1632 2270 minus
1658 2240 1828 2280 pergeret

300 2298 369 2319 nec
400 2287 543 2318 habens
575 2285 810 2327 superuolare
844 2295 1003 2324 crucem,
1036 2284 1071 2316 111
1103 2287 1160 2315 est
1190 2284 1332 2323 Horon,
1364 2284 1451 2325 quia
1482 2284 1621 2315 nullum
1653 2282 1827 2315 Catulli

300 2331 572 2376 Laureolum
604 2331 717 2363 fuerit
750 2331 971 2362 exereitata'
1007 2340 1036 2364 e.
1072 2339 1104 2371 q.
1137 2339 1164 2361 s.
1219 2327 1418 2361 Lentulum
1450 2329 1511 2370 qui
1543 2332 1579 2361 et
1604 2331 1765 2360 actorem
1791 2331 1829 2360 et

301 2380 447 2420 poetam
464 2376 573 2408 huius
590 2376 691 2407 mimi
716 2375 830 2407 fuisse
856 2375 946 2407 dicit
964 2375 1146 2416 Grysarus
1172 2374 1215 2406 (10
1242 2375 1349 2406 11111110
1373 2374 1473 2406 Rom.
1493 2375 1536 2406 64
1562 2374 1614 2415 (in
1638 2376 1827 2405 comment.

303 2422 408 2454 acad.
436 2422 591 2453 vindob.
617 2422 688 2453 XII
715 2432 747 2452 a.
770 2420 872 2457 1854)
898 2430 1024 2462 parum
1051 2419 1298 2451 considerauit
1322 2419 1396 2450 iam
1415 2418 1586 2459 Caligula
1610 2419 1827 2460 imperatore

302 2467 521 2500 Laureolum
541 2470 663 2498 actum
681 2466 811 2497 fuisse.
850 2465 980 2506 Itaque
1007 2465 1243 2507 septuaginta
1270 2465 1345 2495 fere
1371 2464 1477 2496 annis
1502 2467 1594 2505 post,
1623 2474 1702 2495 eum
1724 2463 1830 2494 que-

302 2513 397 2545 nalis
416 2512 612 2553 scriberet,
639 2512 702 2543 uix
719 2511 841 2552 potuit
859 2510 1037 2542 Lentulus
1062 2510 1143 2552 plus
1162 2520 1269 2550 quam
1289 2510 1549 2550 octogenarius
1566 2509 1704 2541 uelocis
1729 2509 1829 2539 serui

303 2558 469 2600 partibus
495 2558 587 2588 satis
613 2557 754 2596 facere,
779 2566 846 2588 nec
872 2555 1061 2597 probabile
1081 2560 1136 2587 est
1162 2555 1205 2587 de
1226 2558 1307 2586 aute
1326 2558 1408 2585 acto
1434 2558 1597 2595 tempore
1614 2553 1829 2585 quenalem

302 2605 340 2635 in
366 2606 491 2635 satura
516 2602 632 2633 uerba
658 2601 804 2633 fecisse.
853 2600 1026 2633 ‘Nobilis'
1053 2604 1174 2632 autem
1193 2604 1272 2632 arte
1292 2600 1413 2641 potius
1432 2610 1537 2641 quam
1557 2609 1690 2640 genere
1709 2598 1830 2630 dictus

304 2648 421 2680 uideri
446 2647 626 2679 Lentulus
654 2647 813 2689 Grysaro
839 2656 1034 2688 numquam
1059 2647 1261 2687 potuisset,
1294 2645 1325 2676 si
1356 2645 1416 2676 uel
1446 2645 1608 2686 proxime
1635 2646 1829 2684 sequentes

303 2703 432 2725 uersus
457 2692 623 2733 legiSset.
717 2692 934 2733 Corruptum
961 2694 1016 2723 est
1041 2691 1207 2723 scholion
1233 2690 1278 2722 ad
1297 2689 1440 2721 Lucani
1456 2689 1474 2720 I
1499 2690 1564 2721 544
1588 2700 1621 2730 p.
1640 2690 1694 2728 36,
1712 2689 1732 2719 4
1750 2688 1827 2727 Us.‚

304 2739 368 2770 ubi
391 2737 488 2769 liber
515 2736 704 2769 ‘Catulli
736 2737 795 2779 qui
829 2736 997 2768 scribitur
1028 2735 1479 2778 permimologie‘trum'
1506 2736 1740 2765 memoratur.
1769 2733 1826 2765 Cf.

306 2782 462 2815 Useneri
488 2782 569 2814 adn.
596 2782 675 2814 crit.

395 2827 547 2858 PHASMA
595 2827 802 2858 Clamosum
828 2826 1008 2867 Grysarus
1033 2826 1077 2858 de
1102 2826 1208 2857 mimo
1234 2825 1334 2857 Rom.
1352 2825 1393 2856 21
1420 2826 1456 2856 et
1473 2824 1515 2856 6ss
1539 2824 1656 2866 magis
1681 2826 1828 2865 propter

308 2882 387 2913 eos,
414 2873 475 2913 qui
499 2876 679 2914 spectrum
708 2873 897 2914 fugerent,
923 2882 1030 2914 quam
1057 2871 1098 2903 de
1123 2869 1315 2913 praeconis
1340 2869 1506 2912 partibus
1532 2869 1604 2901 dici
1629 2872 1745 2911 putat.
