2023 3287
265 236 319 276 36
746 236 1002 268 CAECILIVS
1028 236 1228 270 srArlvs

954 340 997 381 II
1030 339 1095 396 (2)

384 415 438 456 Ei
470 416 593 469 perii:
627 415 727 469 quid
760 416 820 457 ita
852 420 1029 458 numero
1062 416 1210 458 uenit?
1248 417 1350 472 fuge
1383 417 1565 458 domum.

869 522 933 563 ΙΙΙ
967 522 1181 577 (Aeschr.)

383 598 511 638 Uram
544 597 942 652 reperire‘millam,
974 613 1100 652 quam
1133 599 1371 652 expediam,
1403 613 1523 652 queO.

950 692 1013 733 IV
1046 692 1110 747 (3)

381 767 488 808 Cum
520 767 730 809 Mercurio
763 769 877 823 capit
909 769 1151 823 consilium,
1189 770 1416 823 postquam
1454 769 1643 809 sentinat
1675 768 1789 809 satis.

1006 862 1045 903 V

320 938 346 978 ἴ)
380 972 386 978 .
421 940 630 992 actutum,
663 940 792 979 uoltis
803 973 813 993 7
845 942 989 993 empta
1024 942 1104 979 est:
1136 939 1286 993 116ltis,
1317 953 1405 979 non
1438 941 1580 992 empta
1613 941 1678 979 e'st
1710 973 1717 979 .
1752 973 1759 979 .

260 1102 630 1135 Anthesterione.
726 1102 739 1132 1
766 1102 905 1135 Nonius
923 1104 999 1140 536,
1022 1104 1060 1134 12
1086 1105 1123 1144 ‘p
1140 1103 1334 1134 rosumia
1360 1103 1500 1145 nauigii
1526 1113 1652 1145 genus.
1703 1102 1791 1134 Cae-

262 1146 369 1178 cilius
389 1147 638 1178 Meretrice..
660 1171 667 1178 .
685 1147 779 1178 idem
797 1147 1065 1179 Aethrione:
1093 1147 1136 1179 de
1160 1150 1282 1180 nocte’
1311 1158 1341 1182 e.
1363 1158 1396 1189 q.
1415 1159 1441 1183 5,
1491 1149 1723 1186 (Antrione
1746 1149 1792 1179 W

261 1192 575 1233 Amphitrione
608 1192 732 1223 Bamb.
765 1192 871 1224 Leid.
905 1203 939 1224 n.
972 1194 1053 1231 116,
1085 1190 1225 1235 Iunius)
1365 1194 1400 1225 II
1431 1193 1563 1225 Festus
1595 1203 1627 1234 p.
1655 1195 1718 1225 170
1743 1192 1790 1223 Μ.

262 1238 469 1278 ‘Panurgus
500 1237 681 1268 Antonius
714 1237 806 1268 haec
837 1238 907 1268 ait:
943 1247 1121 1268 numero
1147 1238 1296 1269 nimium
1328 1239 1418 1276 cito,
1453 1237 1620 1270 celeriter
1643 1237 1791 1269 nimium

261 1299 303 1303 —
321 1299 363 1302 —
383 1281 565 1313 celeriter.
615 1280 800 1313 Caecilius
819 1283 854 1313 in
874 1282 1109 1313 Aethione:
1137 1283 1187 1313 ei'
1214 1293 1244 1316 e.
1271 1293 1302 1324 q.
1329 1294 1357 1314 s.
1406 1280 1668 1324 (Aethrione
1695 1283 1793 1313 Vrsi-

261 1326 342 1366 nus)
460 1326 515 1358 111
541 1327 668 1358 Festus
695 1337 727 1368 p,
756 1328 818 1358 182
845 1327 892 1357 M.
921 1330 1047 1358 ‘orae
1075 1329 1260 1359 extremae
1293 1330 1418 1368 partes
1444 1330 1642 1366 terrarum,
1673 1327 1710 1358 id
1737 1330 1793 1358 est

260 1371 463 1402 maritimae
490 1371 679 1409 dicuutur,
706 1371 799 1402 unde
827 1375 862 1402 et
888 1372 1189 1403 uestimentorum
1216 1375 1397 1404 extremae
1424 1375 1566 1414 partes,
1600 1382 1692 1413 quae
1718 1372 1793 1413 qui-

262 1416 343 1447 dem
370 1419 406 1447 et
431 1416 567 1457 primae
593 1415 665 1447 dici
691 1420 853 1457 possunt.
904 1416 1088 1455 Caecilius
1110 1417 1146 1447 in
1167 1417 1410 1449 Aethrione
1433 1427 1520 1449 usus
1535 1420 1591 1448 est
1604 1427 1668 1458 pro
1686 1417 1793 1449 initio

262 1462 332 1501 rei,
359 1471 438 1492 cum
464 1461 536 1494 ait:
563 1463 679 1492 oram’
706 1472 736 1494 e.
765 1471 798 1501 q.
824 1472 852 1493 S.
979 1461 1028 1492 IV
1055 1462 1188 1493 Festus
1214 1473 1246 1503 p.
1273 1463 1338 1494 339
1364 1463 1410 1493 M.
1437 1461 1708 1501 ‘sentinare‚
1734 1465 1794 1493 sat

262 1516 392 1547 agere,
426 1506 562 1537 dictum
594 1516 616 1537 a
647 1506 811 1545 sentina,
844 1516 950 1546 quam
990 1506 1125 1537 multae
1161 1509 1295 1547 aquae'
1322 1506 1451 1547 (⁴'quod
1484 1506 1635 1544 multum
1661 1509 1793 1548 aquae’

263 1550 305 1584 O.
326 1550 545 1590 Muellerus,
574 1560 644 1590 quo
670 1561 741 1582 non
767 1561 856 1591 opus
883 1550 955 1590 est)
983 1552 1104 1582 ‘nauis
1124 1561 1201 1582 cum
1221 1551 1362 1592 recipit,
1387 1551 1623 1592 periclitatur.
1665 1551 1794 1583 Caeci-

261 1595 331 1626 lius
357 1596 394 1625 in
419 1595 687 1626 Aethrione:
721 1599 815 1626 cum'
844 1606 874 1628 e.
902 1606 932 1636 q.
960 1606 985 1630 s.
1041 1595 1176 1627 Paulus
1201 1607 1235 1638 p.
1262 1596 1327 1628 338
1354 1596 1399 1628 M.
1427 1596 1703 1636 ‘sentinare,
1736 1599 1795 1628 sat

262 1650 390 1681 agere,
424 1640 558 1672 dictum
591 1651 612 1671 a
646 1641 793 1672 sentina
824 1641 948 1680 nauis,
985 1650 1091 1681 quam
1129 1641 1208 1682 quis
1240 1644 1280 1672 ut
1317 1651 1414 1681 aqua
1443 1641 1577 1672 liberet
1612 1651 1793 1673 euacuare

262 1685 461 1718 contendit.
511 1685 637 1725 itaque
670 1686 855 1716 sentinare
883 1688 940 1716 est
971 1685 1154 1717 subtiliter
1180 1685 1381 1727 periculum
1406 1686 1537 1717 uitare.
1589 1685 1794 1718 Caecilius:

264 1731 378 1771 capit’
405 1740 436 1762 e.
457 1740 489 1770 q.
510 1740 537 1760 s.
631 1731 661 1761 V
687 1730 884 1762 Diomedes
902 1730 915 1761 1
936 1741 968 1771 p.
988 1731 1050 1762 381
1071 1730 1110 1761 P.
1136 1730 1247 1771 ‘apud
1266 1734 1409 1762 ueteres
1428 1731 1629 1772 reperimus
1646 1731 1682 1762 id
1700 1730 1795 1772 quod

262 1775 444 1811 nolumus,
471 1785 541 1806 non
560 1774 672 1805 uultis
691 1785 705 1803 ῆι
724 1780 762 1806 ut
782 1778 838 1806 est
864 1777 905 1805 in
924 1775 1172 1806 Aethrione
1200 1774 1315 1816 apud
1340 1774 1605 1807 Caecilium:
1633 1778 1794 1807 actutum

262 1819 389 1850 uultis’
418 1830 446 1853 e.
473 1830 505 1860 q.
532 1830 560 1852 s.
610 1819 677 1859 (sic
703 1819 817 1851 edidit
844 1820 888 1850 Η.
909 1819 1060 1853 Keilius.
1110 1820 1154 1851 in
1189 1820 1426 1851 ethei-ione
1452 1820 1567 1861 apud
1592 1820 1795 1852 lucilium

263 1864 399 1895 Pariss.
419 1864 488 1895 AB
510 1864 652 1896 Monac.
702 1864 744 1895 in
771 1864 999 1896 etheriore
1019 1864 1135 1906 apud
1160 1864 1368 1896 lucilium
1395 1868 1475 1898 ‘ms
1495 1864 1585 1897 cod.·'
1613 1864 1652 1900 C.
1670 1865 1795 1906 Sciop-

265 1910 317 1950 pii
350 1908 453 1950 Susp.
486 1908 570 1940 lect.
603 1909 653 1939 IV
685 1910 728 1940 22
756 1909 867 1950 apud
900 1908 1104 1940 lucilium
1132 1908 1213 1940 edd.
1238 1912 1328 1944 uett,
1378 1910 1421 1940 in
1448 1909 1694 1941 Aethrione
1721 1908 1794 1952 (uel

263 1954 558 1995 Aetheriqne)
586 1953 701 1995 apud
735 1952 984 1985 Caecilium
1017 1953 1212 1985 Statium
1238 1955 1266 1986 Ι.
1294 1954 1481 1992 Beckerus
1507 1954 1636 1987 Philol.
1662 1955 1713 1987 lv
1739 1956 1794 1995 78,

266 1999 329 2039 qui
354 2002 482 2029 narrat
507 1998 623 2029 uirum
650 1998 793 2030 doctum
818 1999 956 2030 Lucilii
983 2009 1004 2029 a
1023 1998 1146 2030 Dousa
1172 1998 1263 2030 editi
1280 1999 1443 2040 exemplo
1470 2000 1507 2030 in
1533 2000 1680 2031 lenensi
1705 1999 1795 2032 bibl.

270 2044 415 2075 extanti
441 2043 678 2084 ascripsisse:
711 2043 927 2075 ‘Caecilii
953 2047 1026 2083 est,
1054 2043 1127 2077 uid.
1151 2043 1348 2084 Diomed’)

379 2213 401 2249 2
434 2215 522 2261 perii
553 2216 664 2261 uulqo
695 2215 770 2261 peri
803 2216 896 2260 cod„
940 2227 1013 2262 quo
1052 2220 1208 2251 seruato
1245 2225 1326 2251 esse
1363 2218 1428 2262 qui
1456 2218 1636 2252 creticum
1678 2221 1794 2252 tetra-

265 2275 423 2307 metrum
463 2271 626 2306 dimetiri
662 2272 752 2307 uelit
794 2274 924 2307 miror.
1041 2271 1126 2319 suge
1157 2273 1392 2319 Augustinus
1431 2274 1469 2308 in
1500 2284 1570 2319 my.
1603 2272 1683 2308 fuce
1714 2274 1795 2309 cod.

378 2323 542 2376 domum]
584 2327 690 2362 modo
733 2330 830 2363 coni.
870 2328 1127 2374 Kiesslingyius
1299 2328 1356 2363 hei
1395 2329 1504 2375 perii!
1545 2325 1565 2370 ΙΓ
1603 2328 1687 2375 quid
1725 2328 1796 2363 ita?

266 2379 286 2427 [s
317 2394 465 2418 numero
498 2384 610 2419 uenit.
643 2380 662 2425 H*
693 2382 780 2430 suge
819 2383 980 2419 domum!
1023 2383 1249 2430 Spenyelius
1364 2384 1387 2420 3
1420 2395 1524 2431 quan]
1563 2386 1657 2430 cod„
1697 2385 1799 2431 quod

266 2444 395 2475 luetur
431 2439 701 2474 Lachmamzus
740 2441 777 2474 in
815 2440 932 2475 Lucr.
966 2439 1153 2487 223 qua
1193 2451 1248 2475 me
1283 2438 1417 2476 Carrio
1456 2440 1542 2476 Ant.
1573 2442 1659 2476 lect.
1691 2441 1715 2476 I
1745 2440 1795 2475 13

266 2506 334 2542 qua
364 2496 468 2531 malit
501 2495 738 2542 Spevyelius,
776 2495 951 2541 fortasse
982 2501 1087 2531 reete
1201 2495 1226 2531 4
1259 2497 1462 2532 trochaeos
1502 2507 1586 2532 eum
1629 2496 1795 2532 Vsenero

265 2562 367 2587 nune
404 2553 490 2587 dedi
521 2563 597 2597 pro
628 2552 759 2587 iambis
901 2563 981 2586 cum
1013 2552 1186 2587 Mercurio
1219 2564 1287 2587 om.
1320 2552 1468 2588 Paulus
1611 2553 1668 2588 An
1711 2557 1797 2597 post

265 2607 453 2642 consilium
482 2610 644 2654 grauius
682 2609 1045 2654 interpunyendum,
1084 2610 1233 2655 reliqua
1272 2610 1394 2644 oratio
1435 2613 1476 2644 ut
1505 2619 1580 2643 non
1620 2609 1796 2644 absoluta

265 2666 340 2698 sit?
455 2663 479 2699 5
512 2663 701 2709 Supplere
725 2666 854 2709 possis
883 2664 950 2711 :ige
981 2665 1046 2699 iam
1077 2665 1137 2699 uel
1168 2665 1265 2712 agite
1379 2669 1539 2699 actutum
1570 2666 1719 2699 recenti
1747 2676 1794 2700 m.

267 2721 478 2765 ascriptum
522 2721 561 2755 in
608 2720 761 2756 Monac.
801 2720 968 2756 actiacum
1005 2720 1132 2756 Paris.
1171 2720 1204 2755 A
1249 2721 1404 2756 actiuum
1443 2720 1571 2755 Paris.
1604 2719 1640 2754 B
1677 2720 1796 2766 Mam,

269 2787 338 2810 om.
381 2776 462 2811 edd.
502 2779 592 2811 uett.
709 2781 826 2823 empta
857 2775 971 2811 Noltis
1004 2775 1086 2811 ‘ms.
1121 2776 1221 2812 cod.'
1255 2776 1292 2812 0.
1325 2775 1499 2822 Scioppii
1613 2787 1685 2811 non
1717 2787 1795 2811 emo

268 2832 329 2866 uel
360 2842 431 2865 non
463 2830 552 2877 erit,
584 2836 624 2868 ut
655 2834 836 2868 senarius
863 2834 955 2878 fiat,
996 2832 1262 2868 Bueclzelerus
1434 2831 1703 2877 septenarium
1733 2833 1796 2868 uel

270 2885 389 2923 eadem
422 2888 488 2921 erit
520 2889 581 2922 uel
603 2893 657 2923 est
688 2889 771 2922 item
803 2889 1034 2923 concludere
1066 2890 1188 2933 poluit
