2023 3287
819 232 1018 267 ADDEND
1025 234 1053 268 A
1562 235 1694 272 CXVII

170 340 235 379 est
267 338 609 381 adulescentulus
640 340 744 392 puto
777 340 920 381 nescio
955 341 1067 394 quis,
1100 343 1245 395 quales
1278 342 1322 383 in
1353 342 1572 397 palaestra
1603 345 1689 387 ista

169 409 415 450 tirocinium
463 409 694 450 insolenter
742 424 867 463 saepe
908 410 1196 452 balbutientes
1238 427 1394 466 ponere
1438 413 1587 455 solent.
1649 417 1692 456 et

169 494 426 534 quamquam
457 479 686 521 verendum
718 479 789 519 vix
821 482 903 534 est,
941 495 993 521 ne
1026 483 1165 535 perito
1200 483 1396 537 cuiquam
1428 486 1518 525 tam
1550 485 1689 527 inanis

169 551 410 592 coniectura
444 550 700 605 inposuerit,
731 552 892 604 tamen,
923 565 976 591 ne
1010 551 1248 593 doctissimi
1277 553 1358 593 viri
1388 556 1689 598 auctoritatem

168 635 365 675 spernere
403 621 565 675 videar,
594 620 790 661 'breviter
829 620 930 674 quid
962 621 1011 663 de
1045 621 1244 675 Scipione
1276 626 1474 676 poemate
1506 626 1689 667 sentiam

166 707 389 745 exponam.
449 691 511 733 Ac
544 692 731 745 primum
757 705 917 745 paucae
938 691 1036 732 illae
1058 707 1164 746 quae
1185 695 1333 733 extant
1353 691 1484 748 (apud
1505 694 1689 737 Gellium

164 762 225 803 IV
260 764 281 803 7
323 765 365 803 ct
401 761 668 803 Mam-obium
707 760 794 802 Sat.
826 760 889 802 VI
921 763 946 803 2
987 764 1029 803 et
1060 761 1106 818 4)
1147 765 1261 804 certo
1304 764 1553 805 testimonio
1592 765 1688 807 inde

164 835 386 887 excerptae
429 833 632 886 reliquiae
678 846 726 872 eo
771 832 884 872 inter
929 846 973 872 se
1017 833 1142 886 plane
1188 835 1444 887 congruunt,
1490 835 1600 887 quod
1646 837 1688 876 et

163 905 273 945 intra
308 919 448 945 merae
479 902 742 944 narrationis
774 902 842 943 vel
875 901 1172 957 descriptionis
1204 904 1310 944 fines
1343 904 1615 946 continentur
1646 909 1689 948 et

163 974 310 1015 eodem
351 976 512 1028 metro,
559 972 766 1027 quadrato
808 972 1030 1027 nimirum,
1077 973 1408 1028 comprehensae
1451 978 1560 1017 sunt.
1622 979 1688 1018 est

163 1045 305 1084 autem
335 1043 488 1085 horum
521 1060 719 1085 versuum
753 1058 822 1084 ars
856 1043 981 1097 plane
1015 1044 1181 1085 diversa
1215 1059 1239 1085 a
1272 1045 1563 1087 scaenicorum
1594 1062 1685 1101 sep-

160 1114 423 1156 tenariorum
464 1115 650 1157 licentia.
711 1129 811 1155 nam
847 1129 983 1168 neque
1022 1115 1184 1156 solutas
1225 1130 1370 1156 arseos
1410 1130 1517 1169 quae
1554 1117 1683 1172 vulgo

161 1184 315 1225 dicitur
347 1186 537 1239 syllabas
569 1200 704 1239 neque
736 1185 1043 1226 vocabulorum
1068 1200 1307 1240 mensuras,
1341 1200 1446 1240 quae
1467 1185 1512 1226 in
1532 1200 1686 1228 scaena

158 1257 358 1310 regnant,
403 1256 445 1297 in
490 1257 576 1297 illis
619 1255 808 1297 offendas
849 1257 891 1296 et
929 1254 1188 1297 Graecanica
1230 1255 1453 1310 diligentia
1491 1259 1683 1299 servatos

159 1325 406 1380 plerumque
446 1327 598 1368 saltem
636 1327 680 1367 in
720 1326 890 1367 sedibus
928 1325 1151 1380 inparibus
1191 1340 1322 1379 puros
1361 1326 1587 1368 trochaeos
1620 1342 1682 1368 re-

156 1397 312 1450 perias.
374 1400 499 1452 atque
546 1398 597 1439 ad
642 1396 819 1438 eandem
857 1411 1054 1438 normam
1094 1394 1241 1452 (quam
1278 1411 1375 1438 raro
1416 1397 1557 1439 soluta
1596 1398 1682 1439 arsi

156 1481 243 1508 non
269 1469 426 1510 mutari
456 1466 613 1524 sentio)
633 1467 884 1522 Epicharmi
905 1481 1071 1521 quoque
1091 1467 1279 1508 Enniani
1299 1468 1465 1509 numeri
1487 1468 1682 1510 videntur

157 1539 323 1580 excussi
353 1539 497 1581 fuisse.
548 1539 720 1580 unicum
751 1552 852 1580 vero
878 1538 1111 1579 frustulum
1130 1538 1252 1591 illud,
1286 1538 1336 1578 de
1357 1539 1474 1579 cuius
1497 1540 1681 1594 genuina

157 1607 295 1650 forma
327 1609 485 1650 totiens
518 1609 631 1650 inter
663 1610 810 1650 doctos
844 1608 1086 1649 dubitatum
1119 1611 1200 1662 est,
1233 1608 1419 1650 dubitari
1452 1612 1565 1651 certe
1593 1625 1681 1652 non

157 1677 339 1720 debebat
371 1679 472 1733 quin
503 1680 628 1721 unius
663 1679 869 1733 continui,
901 1694 988 1720 non
1006 1679 1193 1733 plurium
1214 1694 1414 1720 versuum
1437 1680 1504 1722 sit.
1547 1683 1678 1723 testa-

155 1751 225 1789 tur
267 1749 379 1790 enim
423 1750 514 1804 ipse
556 1749 727 1791 Servius
769 1750 822 1791 ad
859 1749 965 1790 Aen.
995 1749 1057 1790 XI
1091 1750 1193 1791 601:
1237 1750 1322 1791 ‘est
1363 1752 1506 1791 autem
1542 1765 1679 1794 versus

153 1820 379 1862 Ennianus
415 1821 680 1875 vituperatus
720 1836 744 1862 a
775 1819 939 1862 Lucilio
979 1820 1142 1861 dicente
1174 1835 1251 1874 per
1282 1820 1542 1877 irrisionem,
1580 1837 1677 1865 eum

154 1890 351 1932 debuisse
389 1890 526 1932 dicere
556 1891 693 1933 horret
728 1895 765 1933 ez}
798 1890 934 1945 alyet'.
997 1891 1068 1945 qui
1099 1891 1145 1932 in
1176 1906 1258 1945 quo
1292 1894 1534 1933 saturarum
1564 1893 1675 1936 libro

154 1961 348 2014 exemplo
393 1961 467 2003 illo
512 1977 613 2003 usus
658 1962 731 2016 sit,
774 1964 961 2003 testatur
1002 1975 1140 2003 nemo.
1203 1977 1310 2016 quae
1348 1977 1443 2003 cum
1480 1963 1542 2005 ita
1579 1964 1676 2020 sint,

153 2031 404 2073 manifestos
442 2032 487 2073 in
522 2032 604 2074 hoc
642 2047 809 2086 quoque
846 2032 986 2073 frusto
1018 2032 1182 2074 retineo
1214 2033 1458 2089 trochaeos,
1496 2048 1674 2089 cumque

154 2101 393 2157 Vergilium
424 2102 492 2144 his
526 2102 707 2144 ‘ferreus
738 2102 877 2144 hastis
897 2102 1059 2145 Horret
1090 2103 1211 2158 ager'
1237 2103 1437 2145 Enniana
1456 2103 1674 2147 imitatum

153 2187 246 2214 esse
296 2173 472 2215 adnotet
514 2172 782 2228 Macrobius,
833 2173 1123 2228 septenarium
1165 2173 1323 2215 Rudini
1364 2176 1517 2228 poetae
1560 2175 1673 2218 hunc

152 2242 284 2284 fuisse
317 2244 498 2285 conicio:

212 2314 386 2367 sparsus
416 2313 554 2355 hastis
585 2314 726 2370 longis
759 2329 934 2370 campus
968 2314 1164 2369 splendet
1193 2315 1342 2357 horret
1371 2312 1589 2358 (ferreus)

153 2399 277 2438 quem
308 2383 497 2425 Lucilius
529 2384 575 2425 in
604 2385 813 2426 librorum
830 2383 1178 2427 XXVI—XXIX
1210 2386 1352 2440 aliquo
1386 2386 1446 2428 sic
1477 2386 1523 2427 in
1554 2387 1670 2429 exitu

152 2455 425 2509 perverterit,
456 2457 505 2495 ut
536 2455 666 2496 scribi
696 2455 862 2497 iuberet
891 2456 1027 2498 horret
1055 2457 1159 2509 (1199ιέ
1186 2456 1353 2509 ferrcus.
1412 2471 1513 2498 nam
1546 2472 1669 2511 asyn-

151 2526 281 2567 deton
323 2526 550 2567 verborum
592 2526 742 2566 notum
785 2528 852 2568 est
894 2541 1021 2581 quam
1062 2527 1243 2568 vetustis
1285 2527 1426 2581 poetis
1464 2527 1668 2570 sollemne

149 2596 294 2651 fuerit,
325 2610 492 2649 sparsus
525 2598 667 2637 autem
699 2598 741 2637 et
771 2611 971 2639 numeros
1003 2598 1198 2652 puriores
1231 2599 1273 2638 et
1305 2612 1544 2639 sermonem
1570 2612 1666 2640 con-

151 2667 383 2708 cinniorem
408 2667 558 2708 reddit.
603 2666 912 2721 displicuerunt
930 2667 1094 2710 Lucilio
1123 2667 1280 2722 singuli
1299 2667 1427 2721 pedes
1447 2668 1667 2712 trochaici.

267 2737 444 2778 Accedit
482 2738 594 2792 quod
633 2736 786 2778 Suidae
825 2752 991 2792 quoque
1029 2753 1061 2780 s.
1098 2753 1135 2779 v.
1166 2734 1346 2786 ’Έννιος
1388 2738 1519 2780 verba
1560 2739 1667 2782 haec

149 2810 380 2850 Σκιπίωνα
412 2824 495 2863 γαρ
527 2805 669 2865 ᾄδων
700 2806 771 2849 καὶ
800 2806 867 2848 ἐπὶ
893 2806 1002 2862 μέγα
1029 2807 1176 2863 ἐξᾶραι
1195 2805 1274 2850 τὸν
1294 2805 1436 2863 ἄνδρα
1455 2807 1664 2864 βουλόμε-

150 2874 227 2929 νός
257 2890 365 2933 φησι
403 2876 567 2933 μόνον
602 2874 662 2921 ἂν
690 2876 913 2933 ΓΌμηρον
947 2877 1189 2930 ἐπαξίους
1221 2877 1466 2931 ἐπαίνους
1504 2881 1663 2923 εἰπεῖν
