<?xml version="1.0" encoding="UTF-8"?>
<!DOCTYPE html PUBLIC "-//W3C//DTD XHTML 1.0 Transitional//EN"
    "http://www.w3.org/TR/xhtml1/DTD/xhtml1-transitional.dtd">
<html xmlns="http://www.w3.org/1999/xhtml" xml:lang="en" lang="en">
 <head>
  <title>
</title>
<meta http-equiv="Content-Type" content="text/html;charset=utf-8" />
  <meta name='ocr-system' content='tesseract 3.04.00' />
  <meta name='ocr-capabilities' content='ocr_page ocr_carea ocr_par ocr_line ocrx_word'/>
</head>
<body>
  <div class='ocr_page' id='page_1' title='image "./scaenicaeromano02ribbuoft_0117.png"; bbox 0 0 2023 3287; ppageno 0'>
   <div class='ocr_carea' id='block_1_1' title="bbox 827 231 1701 271">
    <p class='ocr_par' dir='ltr' id='par_1_1' title="bbox 827 231 1701 271">
     <span class='ocr_line' id='line_1_1' title="bbox 827 231 1701 271; baseline -0.003 -1"><span class='ocrx_word' id='word_1_1' title='bbox 827 236 1060 271; x_wconf 87' lang='lat' dir='ltr'>ADDENDA</span> <span class='ocrx_word' id='word_1_2' title='bbox 1587 231 1701 268; x_wconf 82' lang='lat' dir='ltr'>CXIII</span> 
     </span>
    </p>
   </div>
   <div class='ocr_carea' id='block_1_2' title="bbox 181 341 1713 2166">
    <p class='ocr_par' dir='ltr' id='par_1_2' title="bbox 181 341 1703 541">
     <span class='ocr_line' id='line_1_2' title="bbox 298 341 1700 399; baseline -0.004 -11"><span class='ocrx_word' id='word_1_3' title='bbox 298 347 351 388; x_wconf 75' lang='lat'>37</span> <span class='ocrx_word' id='word_1_4' title='bbox 394 345 483 386; x_wconf 87' lang='lat' dir='ltr'>Aut</span> <span class='ocrx_word' id='word_1_5' title='bbox 512 343 681 399; x_wconf 72' lang='lat' dir='ltr'>pote&#39;ln&#39;s</span> <span class='ocrx_word' id='word_1_6' title='bbox 721 345 766 384; x_wconf 86' lang='lat' dir='ltr'>in</span> <span class='ocrx_word' id='word_1_7' title='bbox 799 344 965 383; x_wconf 76' lang='lat' dir='ltr'>senario</span> <span class='ocrx_word' id='word_1_8' title='bbox 1000 345 1071 384; x_wconf 75' lang='lat' dir='ltr'>aut</span> <span class='ocrx_word' id='word_1_9' title='bbox 1104 343 1148 383; x_wconf 84' lang='lat' dir='ltr'>in</span> <span class='ocrx_word' id='word_1_10' title='bbox 1181 342 1422 396; x_wconf 82' lang='lat' dir='ltr'>septenario</span> <span class='ocrx_word' id='word_1_11' title='bbox 1453 341 1577 394; x_wconf 65' lang='lat' dir='ltr'>potiti</span> <span class='ocrx_word' id='word_1_12' title='bbox 1607 341 1700 383; x_wconf 73' lang='lat' dir='ltr'>estis</span> 
     </span>
     <span class='ocr_line' id='line_1_3' title="bbox 181 412 1703 466; baseline -0.005 -8"><span class='ocrx_word' id='word_1_13' title='bbox 181 432 276 459; x_wconf 80' lang='lat' dir='ltr'>cum</span> <span class='ocrx_word' id='word_1_14' title='bbox 312 416 435 457; x_wconf 80' lang='lat' dir='ltr'>hiatu</span> <span class='ocrx_word' id='word_1_15' title='bbox 473 415 602 457; x_wconf 83' lang='lat' dir='ltr'>scribi</span> <span class='ocrx_word' id='word_1_16' title='bbox 641 414 731 455; x_wconf 84' lang='lat' dir='ltr'>vult</span> <span class='ocrx_word' id='word_1_17' title='bbox 768 413 847 454; x_wconf 84' lang='lat' dir='ltr'>Ed.</span> <span class='ocrx_word' id='word_1_18' title='bbox 885 413 1046 455; x_wconf 77' lang='lat' dir='ltr'>Becker</span> <span class='ocrx_word' id='word_1_19' title='bbox 1084 413 1191 454; x_wconf 86' lang='lat' dir='ltr'>stud.</span> <span class='ocrx_word' id='word_1_20' title='bbox 1223 412 1244 453; x_wconf 88' lang='lat' dir='ltr'>I</span> <span class='ocrx_word' id='word_1_21' title='bbox 1286 413 1383 466; x_wconf 76' lang='lat'>151,</span> <span class='ocrx_word' id='word_1_22' title='bbox 1423 413 1623 453; x_wconf 86' lang='lat' dir='ltr'>neutrum</span> <span class='ocrx_word' id='word_1_23' title='bbox 1654 412 1703 452; x_wconf 83' lang='lat' dir='ltr'>ut</span> 
     </span>
     <span class='ocr_line' id='line_1_4' title="bbox 181 486 594 541; baseline -0.007 -12"><span class='ocrx_word' id='word_1_24' title='bbox 181 487 289 529; x_wconf 85' lang='lat' dir='ltr'>mihi</span> <span class='ocrx_word' id='word_1_25' title='bbox 321 486 594 541; x_wconf 75' lang='lat' dir='ltr'><strong>persuaserit.</strong></span> 
     </span>
    </p>

    <p class='ocr_par' dir='ltr' id='par_1_3' title="bbox 298 553 1362 609">
     <span class='ocr_line' id='line_1_5' title="bbox 298 553 1362 609; baseline -0.004 -11"><span class='ocrx_word' id='word_1_26' title='bbox 298 558 354 598; x_wconf 82' lang='grc'>42</span> <span class='ocrx_word' id='word_1_27' title='bbox 791 554 864 596; x_wconf 85' lang='lat' dir='ltr'>sed</span> <span class='ocrx_word' id='word_1_28' title='bbox 896 554 1017 609; x_wconf 82' lang='lat' dir='ltr'>quasi</span> <span class='ocrx_word' id='word_1_29' title='bbox 1052 555 1188 595; x_wconf 81' lang='lat' dir='ltr'>amnis</span> <span class='ocrx_word' id='word_1_30' title='bbox 1221 553 1362 595; x_wconf 77' lang='lat' dir='ltr'>obiices</span> 
     </span>
    </p>

    <p class='ocr_par' dir='ltr' id='par_1_4' title="bbox 182 624 1701 823">
     <span class='ocr_line' id='line_1_6' title="bbox 463 624 1356 681; baseline -0.007 -12"><span class='ocrx_word' id='word_1_31' title='bbox 463 627 615 681; x_wconf 70' lang='lat' dir='ltr'>Rupit,</span> <span class='ocrx_word' id='word_1_32' title='bbox 645 627 785 669; x_wconf 64' lang='lat' dir='ltr'>sedata</span> <span class='ocrx_word' id='word_1_33' title='bbox 815 628 950 667; x_wconf 73' lang='lat' dir='ltr'>tamen</span> <span class='ocrx_word' id='word_1_34' title='bbox 980 624 1138 666; x_wconf 84' lang='lat' dir='ltr'>inflexu</span> <span class='ocrx_word' id='word_1_35' title='bbox 1169 624 1356 665; x_wconf 82' lang='lat' dir='ltr'>flectitur</span> 
     </span>
     <span class='ocr_line' id='line_1_7' title="bbox 182 692 1701 753; baseline -0.005 -14"><span class='ocrx_word' id='word_1_36' title='bbox 182 698 392 753; x_wconf 86' lang='lat' dir='ltr'>Bergkius</span> <span class='ocrx_word' id='word_1_37' title='bbox 423 697 439 738; x_wconf 98' lang='grc'>1</span> <span class='ocrx_word' id='word_1_38' title='bbox 470 698 496 738; x_wconf 95' lang='grc'>1.</span> <span class='ocrx_word' id='word_1_39' title='bbox 528 698 630 752; x_wconf 77' lang='grc'>254,</span> <span class='ocrx_word' id='word_1_40' title='bbox 668 712 794 751; x_wconf 81' lang='lat' dir='ltr'>quam</span> <span class='ocrx_word' id='word_1_41' title='bbox 828 696 992 737; x_wconf 80' lang='lat' dir='ltr'>seilicet</span> <span class='ocrx_word' id='word_1_42' title='bbox 1028 695 1273 737; x_wconf 71' lang='lat' dir='ltr'>temeritate</span> <span class='ocrx_word' id='word_1_43' title='bbox 1313 693 1556 734; x_wconf 76' lang='lat' dir='ltr'>admirabili</span> <span class='ocrx_word' id='word_1_44' title='bbox 1601 692 1701 733; x_wconf 86' lang='lat' dir='ltr'>sim-</span> 
     </span>
     <span class='ocr_line' id='line_1_8' title="bbox 183 766 1113 823; baseline 0 -16"><span class='ocrx_word' id='word_1_45' title='bbox 183 768 466 823; x_wconf 82' lang='lat' dir='ltr'>plicissimam</span> <span class='ocrx_word' id='word_1_46' title='bbox 499 767 602 809; x_wconf 82' lang='lat' dir='ltr'>dicit</span> <span class='ocrx_word' id='word_1_47' title='bbox 635 782 726 809; x_wconf 86' lang='lat' dir='ltr'>esse</span> <span class='ocrx_word' id='word_1_48' title='bbox 760 766 1113 809; x_wconf 84' lang='lat' dir='ltr'>emendationem.</span> 
     </span>
    </p>

    <p class='ocr_par' dir='ltr' id='par_1_5' title="bbox 299 835 1703 892">
     <span class='ocr_line' id='line_1_9' title="bbox 299 835 1703 892; baseline -0.004 -13"><span class='ocrx_word' id='word_1_49' title='bbox 299 839 356 880; x_wconf 82' lang='lat'>44</span> <span class='ocrx_word' id='word_1_50' title='bbox 389 853 449 892; x_wconf 88' lang='lat' dir='ltr'>sq.</span> <span class='ocrx_word' id='word_1_51' title='bbox 487 852 588 880; x_wconf 88' lang='lat' dir='ltr'>nam</span> <span class='ocrx_word' id='word_1_52' title='bbox 624 838 768 879; x_wconf 78' lang='lat' dir='ltr'>ludere</span> <span class='ocrx_word' id='word_1_53' title='bbox 799 839 847 879; x_wconf 88' lang='lat' dir='ltr'>ut</span> <span class='ocrx_word' id='word_1_54' title='bbox 878 837 1080 879; x_wconf 87' lang='lat' dir='ltr'>laetantis</span> <span class='ocrx_word' id='word_1_55' title='bbox 1112 839 1282 891; x_wconf 82' lang='lat' dir='ltr'>praeter</span> <span class='ocrx_word' id='word_1_56' title='bbox 1316 849 1484 877; x_wconf 87' lang='lat' dir='ltr'>amnem</span> <span class='ocrx_word' id='word_1_57' title='bbox 1515 835 1627 876; x_wconf 89' lang='lat' dir='ltr'>inter</span> <span class='ocrx_word' id='word_1_58' title='bbox 1660 847 1703 875; x_wconf 90' lang='lat' dir='ltr'>se</span> 
     </span>
    </p>

    <p class='ocr_par' dir='ltr' id='par_1_6' title="bbox 182 908 1707 1235">
     <span class='ocr_line' id='line_1_10' title="bbox 959 908 1163 962; baseline 0 -13"><span class='ocrx_word' id='word_1_59' title='bbox 959 908 1163 962; x_wconf 71' lang='lat' dir='ltr'>vidimus,</span> 
     </span>
     <span class='ocr_line' id='line_1_11' title="bbox 489 977 1304 1033; baseline -0.004 -12"><span class='ocrx_word' id='word_1_60' title='bbox 489 980 686 1021; x_wconf 78' lang='lat' dir='ltr'>erete&#39;rris</span> <span class='ocrx_word' id='word_1_61' title='bbox 720 993 885 1020; x_wconf 89' lang='lat' dir='ltr'>sumere</span> <span class='ocrx_word' id='word_1_62' title='bbox 918 983 1072 1033; x_wconf 70' lang='lat' dir='ltr'>aquam</span> <span class='ocrx_word' id='word_1_63' title='bbox 1104 994 1154 1019; x_wconf 83' lang='lat' dir='ltr'>ex</span> <span class='ocrx_word' id='word_1_64' title='bbox 1185 977 1304 1019; x_wconf 88' lang='lat' dir='ltr'>fonte</span> 
     </span>
     <span class='ocr_line' id='line_1_12' title="bbox 182 1048 1707 1107; baseline -0.005 -13"><span class='ocrx_word' id='word_1_65' title='bbox 182 1051 295 1094; x_wconf 87' lang='lat' dir='ltr'>idem</span> <span class='ocrx_word' id='word_1_66' title='bbox 332 1067 371 1107; x_wconf 87' lang='lat' dir='ltr'>p.</span> <span class='ocrx_word' id='word_1_67' title='bbox 405 1052 487 1093; x_wconf 74' lang='lat'>277</span> <span class='ocrx_word' id='word_1_68' title='bbox 526 1050 888 1105; x_wconf 77' lang='lat' dir='ltr'>hypercatalectis</span> <span class='ocrx_word' id='word_1_69' title='bbox 925 1064 1025 1091; x_wconf 74' lang='lat' dir='ltr'>nam</span> <span class='ocrx_word' id='word_1_70' title='bbox 1062 1050 1196 1091; x_wconf 72' lang='lat' dir='ltr'>ludere</span> <span class='ocrx_word' id='word_1_71' title='bbox 1232 1052 1278 1090; x_wconf 72' lang='lat' dir='ltr'>ut</span> <span class='ocrx_word' id='word_1_72' title='bbox 1310 1048 1499 1090; x_wconf 64' lang='lat' dir='ltr'>laetantis</span> <span class='ocrx_word' id='word_1_73' title='bbox 1529 1048 1636 1088; x_wconf 71' lang='lat' dir='ltr'>inter</span> <span class='ocrx_word' id='word_1_74' title='bbox 1667 1060 1707 1088; x_wconf 84' lang='lat' dir='ltr'>se</span> 
     </span>
     <span class='ocr_line' id='line_1_13' title="bbox 182 1117 1707 1175; baseline -0.003 -11"><span class='ocrx_word' id='word_1_75' title='bbox 182 1123 362 1164; x_wconf 66' lang='lat' dir='ltr'>ridemus</span> <span class='ocrx_word' id='word_1_76' title='bbox 385 1125 550 1175; x_wconf 68' lang='lat' dir='ltr'>praeter</span> <span class='ocrx_word' id='word_1_77' title='bbox 580 1136 741 1163; x_wconf 74' lang='lat' dir='ltr'>amnem</span> <span class='ocrx_word' id='word_1_78' title='bbox 772 1121 1019 1175; x_wconf 85' lang='lat' dir='ltr'>repudiatis.</span> <span class='ocrx_word' id='word_1_79' title='bbox 1081 1119 1204 1161; x_wconf 83' lang='lat' dir='ltr'>Nihil</span> <span class='ocrx_word' id='word_1_80' title='bbox 1232 1119 1323 1174; x_wconf 86' lang='lat' dir='ltr'>agit</span> <span class='ocrx_word' id='word_1_81' title='bbox 1347 1121 1499 1173; x_wconf 64' lang='lat' dir='ltr'>aqz&#39;c&#39;am</span> <span class='ocrx_word' id='word_1_82' title='bbox 1518 1117 1707 1173; x_wconf 83' lang='lat' dir='ltr'>trisylla-</span> 
     </span>
     <span class='ocr_line' id='line_1_14' title="bbox 187 1192 1074 1235; baseline -0.002 0"><span class='ocrx_word' id='word_1_83' title='bbox 187 1194 289 1235; x_wconf 86' lang='lat' dir='ltr'>bum</span> <span class='ocrx_word' id='word_1_84' title='bbox 322 1192 528 1234; x_wconf 64' lang='lat' dir='ltr'>scaenicis</span> <span class='ocrx_word' id='word_1_85' title='bbox 561 1192 806 1234; x_wconf 84' lang='lat' dir='ltr'>obtrudens.</span> <span class='ocrx_word' id='word_1_86' title='bbox 1070 1206 1074 1210; x_wconf 62' lang='lat'><em>⁴</em></span> 
     </span>
    </p>

    <p class='ocr_par' dir='ltr' id='par_1_7' title="bbox 186 1260 1707 1376">
     <span class='ocr_line' id='line_1_15' title="bbox 303 1260 1707 1316; baseline -0.004 -11"><span class='ocrx_word' id='word_1_87' title='bbox 303 1265 357 1305; x_wconf 75' lang='lat'>47</span> <span class='ocrx_word' id='word_1_88' title='bbox 392 1261 566 1305; x_wconf 81' lang='lat' dir='ltr'>Conieei</span> <span class='ocrx_word' id='word_1_89' title='bbox 597 1265 655 1305; x_wconf 71' lang='lat' dir='ltr'>Sic</span> <span class='ocrx_word' id='word_1_90' title='bbox 685 1264 772 1305; x_wconf 71' lang='lat' dir='ltr'>sine</span> <span class='ocrx_word' id='word_1_91' title='bbox 800 1263 909 1315; x_wconf 66' lang='lat' dir='ltr'>ferro</span> <span class='ocrx_word' id='word_1_92' title='bbox 933 1276 1065 1316; x_wconf 69' lang='lat' dir='ltr'>pecua</span> <span class='ocrx_word' id='word_1_93' title='bbox 1094 1262 1284 1303; x_wconf 72' lang='lat' dir='ltr'>manibus</span> <span class='ocrx_word' id='word_1_94' title='bbox 1314 1264 1428 1303; x_wconf 75' lang='lat' dir='ltr'>sueta</span> <span class='ocrx_word' id='word_1_95' title='bbox 1452 1263 1499 1302; x_wconf 79' lang='lat' dir='ltr'>ut</span> <span class='ocrx_word' id='word_1_96' title='bbox 1522 1260 1579 1302; x_wconf 78' lang='lat' dir='ltr'>ad</span> <span class='ocrx_word' id='word_1_97' title='bbox 1601 1273 1707 1301; x_wconf 81' lang='lat' dir='ltr'>mor-</span> 
     </span>
     <span class='ocr_line' id='line_1_16' title="bbox 186 1337 442 1376; baseline 0 -1"><span class='ocrx_word' id='word_1_98' title='bbox 186 1337 263 1376; x_wconf 76' lang='lat' dir='ltr'>tem</span> <span class='ocrx_word' id='word_1_99' title='bbox 293 1337 442 1376; x_wconf 69' lang='lat' dir='ltr'>meant.</span> 
     </span>
    </p>

    <p class='ocr_par' dir='ltr' id='par_1_8' title="bbox 183 1401 1710 1601">
     <span class='ocr_line' id='line_1_17' title="bbox 301 1401 1709 1460; baseline -0.004 -14"><span class='ocrx_word' id='word_1_100' title='bbox 301 1405 356 1446; x_wconf 84' lang='lat'>49</span> <span class='ocrx_word' id='word_1_101' title='bbox 388 1405 515 1458; x_wconf 72' lang='lat' dir='ltr'>proin</span> <span class='ocrx_word' id='word_1_102' title='bbox 545 1404 798 1445; x_wconf 73' lang='lat' dir='ltr'>Dusdriante</span> <span class='ocrx_word' id='word_1_103' title='bbox 828 1403 1040 1460; x_wconf 84' lang='lat' dir='ltr'>Bergkius</span> <span class='ocrx_word' id='word_1_104' title='bbox 1070 1405 1098 1445; x_wconf 91' lang='grc'>1.</span> <span class='ocrx_word' id='word_1_105' title='bbox 1128 1404 1155 1446; x_wconf 92' lang='grc'>1.</span> <span class='ocrx_word' id='word_1_106' title='bbox 1187 1404 1290 1458; x_wconf 86' lang='grc'>281,</span> <span class='ocrx_word' id='word_1_107' title='bbox 1328 1402 1460 1444; x_wconf 88' lang='lat' dir='ltr'>etiam</span> <span class='ocrx_word' id='word_1_108' title='bbox 1491 1401 1709 1442; x_wconf 82' lang='lat' dir='ltr'>mortuum</span> 
     </span>
     <span class='ocr_line' id='line_1_18' title="bbox 183 1473 1710 1530; baseline -0.003 -13"><span class='ocrx_word' id='word_1_109' title='bbox 183 1475 366 1517; x_wconf 76' lang='lat' dir='ltr'>infelicis</span> <span class='ocrx_word' id='word_1_110' title='bbox 413 1475 494 1516; x_wconf 88' lang='lat' dir='ltr'>filii</span> <span class='ocrx_word' id='word_1_111' title='bbox 531 1477 697 1529; x_wconf 89' lang='lat' dir='ltr'>patrem</span> <span class='ocrx_word' id='word_1_112' title='bbox 736 1475 820 1517; x_wconf 87' lang='lat' dir='ltr'>isto</span> <span class='ocrx_word' id='word_1_113' title='bbox 858 1475 1031 1516; x_wconf 88' lang='lat' dir='ltr'>nomine</span> <span class='ocrx_word' id='word_1_114' title='bbox 1069 1475 1308 1530; x_wconf 83' lang='lat' dir='ltr'>praedicari</span> <span class='ocrx_word' id='word_1_115' title='bbox 1346 1473 1540 1528; x_wconf 85' lang='lat' dir='ltr'>potuisse</span> <span class='ocrx_word' id='word_1_116' title='bbox 1577 1487 1710 1527; x_wconf 84' lang='lat' dir='ltr'>prava</span> 
     </span>
     <span class='ocr_line' id='line_1_19' title="bbox 186 1546 626 1601; baseline -0.005 -13"><span class='ocrx_word' id='word_1_117' title='bbox 186 1546 389 1601; x_wconf 88' lang='lat' dir='ltr'>opinione</span> <span class='ocrx_word' id='word_1_118' title='bbox 422 1548 626 1587; x_wconf 84' lang='lat' dir='ltr'>statuens.</span> 
     </span>
    </p>

    <p class='ocr_par' dir='ltr' id='par_1_9' title="bbox 189 1614 1710 1731">
     <span class='ocr_line' id='line_1_20' title="bbox 304 1614 1710 1659; baseline -0.003 -1"><span class='ocrx_word' id='word_1_119' title='bbox 304 1618 357 1659; x_wconf 75' lang='lat'>57</span> <span class='ocrx_word' id='word_1_120' title='bbox 391 1632 486 1659; x_wconf 85' lang='lat' dir='ltr'>eum</span> <span class='ocrx_word' id='word_1_121' title='bbox 505 1615 660 1658; x_wconf 83' lang='lat' dir='ltr'>Naevii</span> <span class='ocrx_word' id='word_1_122' title='bbox 692 1631 798 1658; x_wconf 85' lang='lat' dir='ltr'>eom.</span> <span class='ocrx_word' id='word_1_123' title='bbox 834 1617 917 1657; x_wconf 89' lang='grc'>120</span> <span class='ocrx_word' id='word_1_124' title='bbox 948 1616 1061 1658; x_wconf 86' lang='lat' dir='ltr'>idem</span> <span class='ocrx_word' id='word_1_125' title='bbox 1092 1617 1118 1658; x_wconf 92' lang='lat' dir='ltr'>I.</span> <span class='ocrx_word' id='word_1_126' title='bbox 1150 1617 1176 1658; x_wconf 91' lang='lat'>1.</span> <span class='ocrx_word' id='word_1_127' title='bbox 1206 1614 1342 1657; x_wconf 84' lang='lat' dir='ltr'>nimia</span> <span class='ocrx_word' id='word_1_128' title='bbox 1372 1614 1615 1656; x_wconf 85' lang='lat' dir='ltr'>temeritate</span> <span class='ocrx_word' id='word_1_129' title='bbox 1649 1614 1710 1655; x_wconf 84' lang='lat' dir='ltr'>sie</span> 
     </span>
     <span class='ocr_line' id='line_1_21' title="bbox 189 1688 409 1731; baseline -0.009 0"><span class='ocrx_word' id='word_1_130' title='bbox 189 1688 409 1731; x_wconf 81' lang='lat' dir='ltr'>conflavit:</span> 
     </span>
    </p>

    <p class='ocr_par' dir='ltr' id='par_1_10' title="bbox 363 1758 1493 1885">
     <span class='ocr_line' id='line_1_22' title="bbox 363 1758 1493 1814; baseline -0.001 -14"><span class='ocrx_word' id='word_1_131' title='bbox 363 1759 441 1801; x_wconf 90' lang='lat' dir='ltr'>risi</span> <span class='ocrx_word' id='word_1_132' title='bbox 471 1759 642 1814; x_wconf 70' lang='lat' dir='ltr'>egomet</span> <span class='ocrx_word' id='word_1_133' title='bbox 673 1772 838 1800; x_wconf 82' lang='lat' dir='ltr'>meeum</span> <span class='ocrx_word' id='word_1_134' title='bbox 869 1758 1183 1800; x_wconf 80' lang='lat' dir='ltr'>cassabundum</span> <span class='ocrx_word' id='word_1_135' title='bbox 1216 1759 1278 1800; x_wconf 92' lang='lat' dir='ltr'>ire</span> <span class='ocrx_word' id='word_1_136' title='bbox 1310 1758 1493 1800; x_wconf 86' lang='lat' dir='ltr'>ebrium:</span> 
     </span>
     <span class='ocr_line' id='line_1_23' title="bbox 363 1828 1473 1885; baseline -0.001 -15"><span class='ocrx_word' id='word_1_137' title='bbox 363 1829 591 1871; x_wconf 71' lang='lat' dir='ltr'>diabathra</span> <span class='ocrx_word' id='word_1_138' title='bbox 622 1829 668 1870; x_wconf 88' lang='lat' dir='ltr'>in</span> <span class='ocrx_word' id='word_1_139' title='bbox 698 1828 896 1885; x_wconf 81' lang='lat' dir='ltr'>pedibus,</span> <span class='ocrx_word' id='word_1_140' title='bbox 928 1832 1020 1871; x_wconf 86' lang='lat' dir='ltr'>erat</span> <span class='ocrx_word' id='word_1_141' title='bbox 1052 1830 1232 1871; x_wconf 81' lang='lat' dir='ltr'>amictus</span> <span class='ocrx_word' id='word_1_142' title='bbox 1266 1829 1473 1884; x_wconf 80' lang='lat' dir='ltr'>epicroeo.</span> 
     </span>
    </p>

    <p class='ocr_par' dir='ltr' id='par_1_11' title="bbox 305 1899 1204 1943">
     <span class='ocr_line' id='line_1_24' title="bbox 305 1899 1204 1943; baseline -0.001 0"><span class='ocrx_word' id='word_1_143' title='bbox 305 1901 360 1943; x_wconf 82' lang='lat'>58</span> <span class='ocrx_word' id='word_1_144' title='bbox 394 1899 609 1942; x_wconf 88' lang='lat' dir='ltr'>senarium</span> <span class='ocrx_word' id='word_1_145' title='bbox 640 1899 754 1941; x_wconf 90' lang='lat' dir='ltr'>idem</span> <span class='ocrx_word' id='word_1_146' title='bbox 783 1900 811 1942; x_wconf 85' lang='lat'>1.</span> <span class='ocrx_word' id='word_1_147' title='bbox 842 1900 870 1942; x_wconf 89' lang='lat'>1.</span> <span class='ocrx_word' id='word_1_148' title='bbox 901 1901 987 1942; x_wconf 91' lang='grc'>280</span> <span class='ocrx_word' id='word_1_149' title='bbox 1020 1900 1204 1943; x_wconf 83' lang='lat' dir='ltr'>effinxit:</span> 
     </span>
    </p>

    <p class='ocr_par' dir='ltr' id='par_1_12' title="bbox 187 1969 1713 2166">
     <span class='ocr_line' id='line_1_25' title="bbox 456 1969 1456 2026; baseline -0.003 -13"><span class='ocrx_word' id='word_1_150' title='bbox 456 1972 503 2013; x_wconf 89' lang='lat' dir='ltr'>in</span> <span class='ocrx_word' id='word_1_151' title='bbox 533 1972 720 2026; x_wconf 79' lang='lat' dir='ltr'>montes,</span> <span class='ocrx_word' id='word_1_152' title='bbox 751 1970 827 2012; x_wconf 88' lang='lat' dir='ltr'>ubi</span> <span class='ocrx_word' id='word_1_153' title='bbox 858 1985 903 2012; x_wconf 87' lang='lat' dir='ltr'>se</span> <span class='ocrx_word' id='word_1_154' title='bbox 934 1970 1051 2012; x_wconf 85' lang='lat' dir='ltr'>venti</span> <span class='ocrx_word' id='word_1_155' title='bbox 1083 1970 1343 2026; x_wconf 82' lang='lat' dir='ltr'>frangebant</span> <span class='ocrx_word' id='word_1_156' title='bbox 1371 1969 1456 2011; x_wconf 80' lang='grc' dir='ltr'>1οοί</span> 
     </span>
     <span class='ocr_line' id='line_1_26' title="bbox 187 2041 854 2098; baseline -0.004 -13"><span class='ocrx_word' id='word_1_157' title='bbox 187 2042 344 2085; x_wconf 88' lang='lat' dir='ltr'>Isidori</span> <span class='ocrx_word' id='word_1_158' title='bbox 375 2043 565 2098; x_wconf 82' lang='lat' dir='ltr'>glossam</span> <span class='ocrx_word' id='word_1_159' title='bbox 594 2041 658 2083; x_wconf 85' lang='lat' dir='ltr'>nil</span> <span class='ocrx_word' id='word_1_160' title='bbox 689 2056 854 2083; x_wconf 76' lang='lat' dir='ltr'>curans.</span> 
     </span>
     <span class='ocr_line' id='line_1_27' title="bbox 308 2109 1713 2166; baseline -0.004 -11"><span class='ocrx_word' id='word_1_161' title='bbox 308 2114 363 2155; x_wconf 85' lang='lat'>63</span> <span class='ocrx_word' id='word_1_162' title='bbox 395 2114 480 2156; x_wconf 79' lang='lat' dir='ltr'>dice</span> <span class='ocrx_word' id='word_1_163' title='bbox 508 2113 555 2154; x_wconf 72' lang='lat' dir='ltr'>id</span> <span class='ocrx_word' id='word_1_164' title='bbox 583 2113 683 2166; x_wconf 73' lang='lat' dir='ltr'>quid</span> <span class='ocrx_word' id='word_1_165' title='bbox 710 2113 765 2155; x_wconf 66' lang='lat' dir='ltr'>sit</span> <span class='ocrx_word' id='word_1_166' title='bbox 796 2111 1086 2154; x_wconf 85' lang='lat' dir='ltr'>Studemundo</span> <span class='ocrx_word' id='word_1_167' title='bbox 1120 2114 1293 2155; x_wconf 83' lang='lat' dir='ltr'>auctore</span> <span class='ocrx_word' id='word_1_168' title='bbox 1325 2111 1403 2152; x_wconf 86' lang='lat' dir='ltr'>Ed.</span> <span class='ocrx_word' id='word_1_169' title='bbox 1436 2110 1598 2152; x_wconf 83' lang='lat' dir='ltr'>Becker</span> <span class='ocrx_word' id='word_1_170' title='bbox 1629 2109 1656 2151; x_wconf 93' lang='grc'>1.</span> <span class='ocrx_word' id='word_1_171' title='bbox 1687 2109 1713 2150; x_wconf 94' lang='grc'>1.</span> 
     </span>
    </p>
   </div>
   <div class='ocr_carea' id='block_1_3' title="bbox 190 2180 1713 2309">
    <p class='ocr_par' dir='ltr' id='par_1_13' title="bbox 190 2180 1713 2309">
     <span class='ocr_line' id='line_1_28' title="bbox 192 2180 1713 2239; baseline -0.003 -14"><span class='ocrx_word' id='word_1_172' title='bbox 192 2184 293 2226; x_wconf 83' lang='lat'>174:</span> <span class='ocrx_word' id='word_1_173' title='bbox 325 2184 397 2238; x_wconf 90' lang='lat' dir='ltr'>qui</span> <span class='ocrx_word' id='word_1_174' title='bbox 428 2198 501 2226; x_wconf 83' lang='lat' dir='ltr'>eur</span> <span class='ocrx_word' id='word_1_175' title='bbox 531 2184 616 2227; x_wconf 78' lang='lat' dir='ltr'>dice</span> <span class='ocrx_word' id='word_1_176' title='bbox 645 2183 747 2238; x_wconf 75' lang='lat' dir='ltr'>quid</span> <span class='ocrx_word' id='word_1_177' title='bbox 773 2183 819 2225; x_wconf 83' lang='lat' dir='ltr'>id</span> <span class='ocrx_word' id='word_1_178' title='bbox 848 2187 905 2227; x_wconf 74' lang='lat' dir='ltr'>est</span> <span class='ocrx_word' id='word_1_179' title='bbox 935 2183 1157 2239; x_wconf 81' lang='lat' dir='ltr'>spreverit,</span> <span class='ocrx_word' id='word_1_180' title='bbox 1189 2182 1417 2238; x_wconf 82' lang='lat' dir='ltr'>intellegas</span> <span class='ocrx_word' id='word_1_181' title='bbox 1446 2196 1496 2223; x_wconf 85' lang='lat' dir='ltr'>ex</span> <span class='ocrx_word' id='word_1_182' title='bbox 1524 2180 1666 2222; x_wconf 84' lang='lat' dir='ltr'>adnot.</span> <span class='ocrx_word' id='word_1_183' title='bbox 1686 2180 1713 2221; x_wconf 88' lang='grc'>2</span> 
     </span>
     <span class='ocr_line' id='line_1_29' title="bbox 190 2254 439 2309; baseline 0 -13"><span class='ocrx_word' id='word_1_184' title='bbox 190 2254 244 2296; x_wconf 86' lang='lat' dir='ltr'>ad</span> <span class='ocrx_word' id='word_1_185' title='bbox 268 2270 310 2309; x_wconf 86' lang='lat' dir='ltr'>p.</span> <span class='ocrx_word' id='word_1_186' title='bbox 342 2254 439 2297; x_wconf 82' lang='lat'><strong>129.</strong></span> 
     </span>
    </p>
   </div>
   <div class='ocr_carea' id='block_1_4' title="bbox 193 2392 1714 2874">
    <p class='ocr_par' dir='ltr' id='par_1_14' title="bbox 193 2392 1714 2874">
     <span class='ocr_line' id='line_1_30' title="bbox 307 2392 1711 2450; baseline -0.002 -14"><span class='ocrx_word' id='word_1_187' title='bbox 307 2395 435 2450; x_wconf 90' lang='lat' dir='ltr'>Apud</span> <span class='ocrx_word' id='word_1_188' title='bbox 461 2394 696 2438; x_wconf 83' lang='lat' dir='ltr'>ENNIVM</span> <span class='ocrx_word' id='word_1_189' title='bbox 722 2411 760 2437; x_wconf 87' lang='lat' dir='ltr'>v.</span> <span class='ocrx_word' id='word_1_190' title='bbox 787 2396 813 2437; x_wconf 91' lang='grc'>2</span> <span class='ocrx_word' id='word_1_191' title='bbox 835 2410 895 2450; x_wconf 90' lang='lat' dir='ltr'>sq.</span> <span class='ocrx_word' id='word_1_192' title='bbox 920 2398 1022 2449; x_wconf 90' lang='lat' dir='ltr'>post</span> <span class='ocrx_word' id='word_1_193' title='bbox 1051 2395 1261 2450; x_wconf 88' lang='lat' dir='ltr'>pessimos</span> <span class='ocrx_word' id='word_1_194' title='bbox 1289 2394 1469 2436; x_wconf 80' lang='lat' dir='ltr'>creticos</span> <span class='ocrx_word' id='word_1_195' title='bbox 1497 2392 1711 2434; x_wconf 85' lang='lat' dir='ltr'>senarium</span> 
     </span>
     <span class='ocr_line' id='line_1_31' title="bbox 193 2464 1208 2521; baseline -0.001 -12"><span class='ocrx_word' id='word_1_196' title='bbox 193 2467 311 2521; x_wconf 87' lang='lat' dir='ltr'>sequi</span> <span class='ocrx_word' id='word_1_197' title='bbox 336 2467 428 2508; x_wconf 84' lang='lat' dir='ltr'>vult</span> <span class='ocrx_word' id='word_1_198' title='bbox 459 2466 671 2521; x_wconf 84' lang='lat' dir='ltr'>Bergkius</span> <span class='ocrx_word' id='word_1_199' title='bbox 703 2466 857 2507; x_wconf 85' lang='lat' dir='ltr'>Philol.</span> <span class='ocrx_word' id='word_1_200' title='bbox 888 2464 1075 2507; x_wconf 72' lang='lat' dir='ltr'>XXXII]</span> <span class='ocrx_word' id='word_1_201' title='bbox 1105 2467 1208 2508; x_wconf 78' lang='lat'>282:</span> 
     </span>
     <span class='ocr_line' id='line_1_32' title="bbox 404 2533 1448 2592; baseline -0.003 -14"><span class='ocrx_word' id='word_1_202' title='bbox 404 2538 481 2592; x_wconf 78' lang='lat' dir='ltr'>per</span> <span class='ocrx_word' id='word_1_203' title='bbox 512 2551 590 2592; x_wconf 90' lang='lat' dir='ltr'>ego</span> <span class='ocrx_word' id='word_1_204' title='bbox 625 2537 747 2578; x_wconf 92' lang='lat' dir='ltr'>deum</span> <span class='ocrx_word' id='word_1_205' title='bbox 781 2537 986 2578; x_wconf 79' lang='lat' dir='ltr'>sublimas</span> <span class='ocrx_word' id='word_1_206' title='bbox 1019 2536 1201 2578; x_wconf 73' lang='lat' dir='ltr'>subiiees</span> <span class='ocrx_word' id='word_1_207' title='bbox 1233 2533 1448 2589; x_wconf 77' lang='lat' dir='ltr'>humidas,</span> 
     </span>
     <span class='ocr_line' id='line_1_33' title="bbox 403 2603 1481 2660; baseline -0.004 -11"><span class='ocrx_word' id='word_1_208' title='bbox 403 2608 513 2649; x_wconf 89' lang='lat' dir='ltr'>unde</span> <span class='ocrx_word' id='word_1_209' title='bbox 546 2608 682 2649; x_wconf 73' lang='lat' dir='ltr'>oritur</span> <span class='ocrx_word' id='word_1_210' title='bbox 712 2607 849 2649; x_wconf 89' lang='lat' dir='ltr'>imber</span> <span class='ocrx_word' id='word_1_211' title='bbox 882 2607 1026 2649; x_wconf 73' lang='lat' dir='ltr'>sonitu</span> <span class='ocrx_word' id='word_1_212' title='bbox 1057 2621 1183 2648; x_wconf 88' lang='lat' dir='ltr'>saevo</span> <span class='ocrx_word' id='word_1_213' title='bbox 1217 2609 1260 2647; x_wconf 89' lang='lat' dir='ltr'>et</span> <span class='ocrx_word' id='word_1_214' title='bbox 1291 2603 1481 2660; x_wconf 76' lang='lat' dir='ltr'>spiritus.</span> 
     </span>
     <span class='ocr_line' id='line_1_34' title="bbox 312 2674 1713 2720; baseline -0.004 0"><span class='ocrx_word' id='word_1_215' title='bbox 312 2679 367 2720; x_wconf 84' lang='grc'>22</span> <span class='ocrx_word' id='word_1_216' title='bbox 399 2681 494 2720; x_wconf 69' lang='lat' dir='ltr'>atra</span> <span class='ocrx_word' id='word_1_217' title='bbox 531 2678 623 2720; x_wconf 64' lang='lat' dir='ltr'>bilis</span> <span class='ocrx_word' id='word_1_218' title='bbox 659 2678 762 2719; x_wconf 67' lang='lat' dir='ltr'>mihi</span> <span class='ocrx_word' id='word_1_219' title='bbox 798 2678 985 2719; x_wconf 69' lang='lat' dir='ltr'>minatur</span> <span class='ocrx_word' id='word_1_220' title='bbox 1016 2678 1059 2718; x_wconf 91' lang='lat' dir='ltr'>et</span> <span class='ocrx_word' id='word_1_221' title='bbox 1090 2692 1128 2719; x_wconf 90' lang='lat' dir='ltr'>v.</span> <span class='ocrx_word' id='word_1_222' title='bbox 1160 2677 1216 2718; x_wconf 81' lang='lat'>23</span> <span class='ocrx_word' id='word_1_223' title='bbox 1247 2676 1373 2717; x_wconf 90' lang='lat' dir='ltr'>initio</span> <span class='ocrx_word' id='word_1_224' title='bbox 1404 2674 1499 2716; x_wconf 78' lang='lat' dir='ltr'>vae!</span> <span class='ocrx_word' id='word_1_225' title='bbox 1531 2674 1713 2716; x_wconf 81' lang='lat' dir='ltr'>coniecit</span> 
     </span>
     <span class='ocr_line' id='line_1_35' title="bbox 195 2745 1712 2804; baseline -0.005 -13"><span class='ocrx_word' id='word_1_226' title='bbox 195 2749 306 2790; x_wconf 86' lang='lat' dir='ltr'>idem</span> <span class='ocrx_word' id='word_1_227' title='bbox 337 2750 363 2790; x_wconf 94' lang='grc'>1.</span> <span class='ocrx_word' id='word_1_228' title='bbox 394 2749 421 2791; x_wconf 90' lang='grc'>1.</span> <span class='ocrx_word' id='word_1_229' title='bbox 452 2749 555 2804; x_wconf 82' lang='grc'>283,</span> <span class='ocrx_word' id='word_1_230' title='bbox 588 2763 695 2803; x_wconf 83' lang='lat' dir='ltr'>quae</span> <span class='ocrx_word' id='word_1_231' title='bbox 726 2763 830 2789; x_wconf 85' lang='lat' dir='ltr'>num</span> <span class='ocrx_word' id='word_1_232' title='bbox 853 2746 1161 2801; x_wconf 81' lang='lat' dir='ltr'>Ciceronianis,</span> <span class='ocrx_word' id='word_1_233' title='bbox 1193 2760 1375 2801; x_wconf 87' lang='lat' dir='ltr'>quorum</span> <span class='ocrx_word' id='word_1_234' title='bbox 1407 2759 1451 2786; x_wconf 89' lang='lat' dir='ltr'>se</span> <span class='ocrx_word' id='word_1_235' title='bbox 1482 2745 1712 2798; x_wconf 86' lang='lat' dir='ltr'>patronum</span> 
     </span>
     <span class='ocr_line' id='line_1_36' title="bbox 196 2815 1714 2874; baseline -0.003 -14"><span class='ocrx_word' id='word_1_236' title='bbox 196 2819 406 2874; x_wconf 81' lang='lat' dir='ltr'>exhibuit,</span> <span class='ocrx_word' id='word_1_237' title='bbox 437 2818 691 2873; x_wconf 87' lang='lat' dir='ltr'>persuadere</span> <span class='ocrx_word' id='word_1_238' title='bbox 721 2818 863 2872; x_wconf 83' lang='lat' dir='ltr'>possit</span> <span class='ocrx_word' id='word_1_239' title='bbox 893 2819 1081 2872; x_wconf 84' lang='lat' dir='ltr'>expecto.</span> <span class='ocrx_word' id='word_1_240' title='bbox 1129 2830 1181 2857; x_wconf 91' lang='lat' dir='ltr'>ne</span> <span class='ocrx_word' id='word_1_241' title='bbox 1208 2816 1300 2870; x_wconf 89' lang='lat' dir='ltr'>ipse</span> <span class='ocrx_word' id='word_1_242' title='bbox 1323 2815 1493 2869; x_wconf 87' lang='lat' dir='ltr'>quidem</span> <span class='ocrx_word' id='word_1_243' title='bbox 1512 2815 1714 2869; x_wconf 84' lang='lat' dir='ltr'>probavit</span> 
     </span>
    </p>
   </div>
   <div class='ocr_carea' id='block_1_5' title="bbox 197 2885 1713 2991">
    <p class='ocr_par' dir='ltr' id='par_1_15' title="bbox 197 2885 1713 2991">
     <span class='ocr_line' id='line_1_37' title="bbox 197 2885 1713 2943; baseline -0.003 -13"><span class='ocrx_word' id='word_1_244' title='bbox 197 2904 303 2943; x_wconf 86' lang='lat' dir='ltr'>quae</span> <span class='ocrx_word' id='word_1_245' title='bbox 322 2890 368 2930; x_wconf 90' lang='lat' dir='ltr'>in</span> <span class='ocrx_word' id='word_1_246' title='bbox 386 2892 574 2931; x_wconf 88' lang='lat' dir='ltr'>mentem</span> <span class='ocrx_word' id='word_1_247' title='bbox 593 2891 797 2932; x_wconf 79' lang='lat' dir='ltr'>venerant</span> <span class='ocrx_word' id='word_1_248' title='bbox 816 2889 938 2930; x_wconf 85' lang='lat' dir='ltr'>haee:</span> <span class='ocrx_word' id='word_1_249' title='bbox 959 2891 1095 2930; x_wconf 72' lang='lat' dir='ltr'>atram</span> <span class='ocrx_word' id='word_1_250' title='bbox 1114 2887 1232 2929; x_wconf 73' lang='lat' dir='ltr'>bilem</span> <span class='ocrx_word' id='word_1_251' title='bbox 1248 2887 1316 2929; x_wconf 86' lang='lat' dir='ltr'>vel</span> <span class='ocrx_word' id='word_1_252' title='bbox 1329 2886 1532 2928; x_wconf 73' lang='lat' dir='ltr'>atribilem</span> <span class='ocrx_word' id='word_1_253' title='bbox 1545 2885 1648 2927; x_wconf 66' lang='lat' dir='ltr'>mila·</span> <span class='ocrx_word' id='word_1_254' title='bbox 1660 2899 1713 2927; x_wconf 81' lang='lat' dir='ltr'>m.</span> 
     </span>
     <span class='ocr_line' id='line_1_38' title="bbox 264 2955 1431 2991; baseline -0.001 -1"><span class='ocrx_word' id='word_1_255' title='bbox 264 2964 339 2990; x_wconf 70' lang='lat' dir='ltr'>Con.</span> <span class='ocrx_word' id='word_1_256' title='bbox 358 2965 434 2991; x_wconf 73' lang='lat' dir='ltr'>LA&#39;r.</span> <span class='ocrx_word' id='word_1_257' title='bbox 453 2965 530 2990; x_wconf 62' lang='lat' dir='ltr'>Bm„</span> <span class='ocrx_word' id='word_1_258' title='bbox 1406 2955 1431 2989; x_wconf 86' lang='lat' dir='ltr'><strong>h</strong></span> 
     </span>
    </p>
   </div>
  </div>
 </body>
</html>
