2023 3287
248 230 346 266 CXX
842 225 908 260 AD
936 223 1177 260 TRAGICOS

364 337 503 378 Huius
530 335 701 377 fabulae
722 333 773 377 fr.
791 333 876 376 VII
895 349 935 375 v.
957 333 1040 374 122
1061 347 1150 387 sqq.
1171 332 1283 386 quod
1301 331 1578 373 Lachmanno
1600 332 1772 373 auctore

247 407 470 463 composui
518 405 779 459 discerptum
820 418 967 445 rursus
1012 403 1074 444 ita
1118 417 1269 444 sanare
1318 402 1401 443 sibi
1443 401 1616 455 quidam
1656 401 1771 443 visus

248 481 330 535 est,
361 480 410 520 ut
442 476 622 519 senariis
656 475 761 517 alibi
793 474 1037 517 Thoantem
1067 474 1135 515 liis

458 548 648 603 primum
678 547 761 588 hoc
794 546 870 587 abs
902 547 945 586 te
978 559 1071 600 oro,
1103 543 1151 586 n1'
1180 559 1246 585 me
1280 542 1588 585 inexorabilem

459 616 590 674 faxis,
614 618 660 659 ni
691 620 812 659 tuam
842 615 1056 670 turpassis
1088 614 1336 657 vanitudine

461 689 649 731 aetatem

255 760 359 803 alibi
390 759 581 814 Pyladen
614 760 674 801 sic
705 759 824 813 loqui
857 758 1064 799 satuerct:

428 829 583 871 Ore‘sta
614 830 691 884 mi,
721 844 775 870 ne
807 829 970 882 plectas
1002 826 1119 868 fandi
1152 825 1214 867 nis
1242 827 1594 881 prolixitudinein

253 902 325 943 ubi
370 899 576 955 ‘plectas'
618 900 833 955 intellegit
880 897 1168 952 ‘exprobres’,
1210 897 1320 951 quod
1364 911 1442 952 ego
1485 899 1527 937 et
1568 897 1609 936 ni
1652 897 1779 937 fallor

251 971 552 1014 Laclimannus
586 985 752 1025 quoque
780 968 971 1011 ‘nectas’
1000 969 1088 1009 sive
1116 967 1279 1009 ‘texas’
1306 960 1577 1021 interpretati
1599 982 1779 1007 eramus.

254 1042 453 1085 Ceterum
485 1041 695 1083 Thoantis
734 1054 964 1096 personam
1003 1040 1177 1081 omnino
1219 1040 1271 1080 ab
1303 1039 1384 1079 hac
1416 1038 1563 1079 fabula
1596 1037 1778 1077 alienam

255 1127 346 1154 esse
386 1112 493 1153 mihi
530 1127 643 1154 nunc
680 1111 892 1166 persuasi,
929 1125 1007 1152 nec
1045 1125 1250 1164 umquam
1283 1109 1382 1163 quid
1414 1109 1459 1149 in
1491 1123 1540 1149 ea
1573 1107 1779 1148 orationis

257 1185 407 1239 forma,
440 1198 568 1238 quam
601 1183 725 1238 edidi,
757 1181 930 1223 molesti
961 1181 1121 1222 inesset
1152 1195 1238 1222 non
1271 1179 1397 1221 sensi.
1440 1179 1568 1234 paulo
1595 1193 1781 1220 commo—

257 1254 378 1297 diora
409 1254 595 1297 forsitan
623 1254 731 1296 haec
762 1252 1005 1295 videantur:

523 1326 711 1380 primum
741 1324 824 1365 hoc
856 1323 932 1364 abs
963 1325 1006 1363 te
1039 1337 1114 1364 oro
1148 1320 1301 1378 (minns
1332 1320 1641 1362 inexorabilem

467 1396 596 1451 faxis,
627 1396 672 1436 ni
702 1394 915 1449 turpassis
948 1393 1194 1435 vanitudine
1228 1392 1413 1433 aetatem
1444 1389 1600 1446 tuam),

469 1468 562 1522 oro,
594 1465 718 1508 m‘mi'
750 1479 803 1506 ne
833 1465 997 1519 plectas
1029 1464 1147 1505 fandi
1178 1461 1241 1504 mi
1270 1461 1634 1516 prolixitudinem.

378 1537 494 1579 Nam
530 1537 758 1579 trochaeos
800 1534 1053 1576 manifestos
1091 1537 1138 1575 ut
1180 1532 1491 1586 transponendi
1530 1532 1703 1574 licentia
1744 1533 1789 1573 in

262 1609 430 1651 iambos
473 1621 627 1663 cogam
666 1621 901 1661 numquam
943 1605 1148 1659 adducar3
1195 1604 1304 1644 alter
1344 1602 1514 1657 quidem
1554 1603 1788 1644 versiculus

264 1681 379 1722 iusta
411 1694 559 1721 carens
594 1693 771 1720 caesura
802 1679 851 1718 ut
879 1675 1006 1717 laude
1038 1675 1240 1730 indignus
1274 1688 1392 1728 sane,
1424 1674 1486 1715 ita
1518 1674 1790 1715 excusatione

266 1752 443 1806 propter
482 1750 667 1804 quinque
707 1748 971 1804 syllabarum
1010 1746 1122 1801 quod
1160 1744 1385 1787 intercedit
1416 1744 1673 1786 vocabulum
1704 1759 1792 1786 non

267 1822 384 1864 omni
422 1821 654 1862 destitutus
699 1821 776 1861 est.
847 1818 1001 1873 duplex
1039 1819 1182 1858 autem
1221 1829 1289 1857 oro
1327 1815 1395 1857 cui
1432 1816 1500 1857 vel
1537 1815 1794 1869 interposita

267 1892 514 1948 parenthesi
548 1891 762 1946 displicet,
795 1888 995 1931 distribui
1026 1889 1137 1929 inter
1169 1887 1272 1928 duas
1305 1901 1511 1941 personas
1544 1886 1604 1927 sic
1635 1886 1792 1940 possit:

330 1963 539 2016 [animum
559 1964 681 2003 tuum
689 1964 715 2017 7]
738 1962 926 2016 primum
944 1960 1025 2001 hoc
1047 1959 1123 2000 abs
1144 1960 1186 1999 te
1207 1972 1300 2012 oro‚
1326 1955 1467 1998 minus
1486 1956 1795 1999 inexorabilem

328 2034 452 2075 faxis.
514 2036 533 2081 ss'
564 2034 610 2074 ni
641 2032 855 2087 turpassis
887 2029 1136 2072 vanitudine
1169 2029 1354 2070 aetatem
1386 2030 1523 2083 tuam,

330 2106 425 2160 6ro,
455 2104 554 2146 nive
586 2104 748 2158 plecta-s
780 2101 899 2144 fandi
932 2100 994 2143 mi‘
1022 2099 1386 2156 prolixitudinem.

272 2176 361 2239 sive
402 2176 448 2217 in
485 2177 674 2217 extremo
713 2188 840 2216 versu
871 2173 1028 2227 mavis,
1067 2171 1180 2226 quod
1210 2185 1298 2212 non
1327 2170 1500 2224 longius
1533 2184 1558 2210 a
1588 2169 1797 2212 librorum

272 2247 480 2289 memoria
512 2246 651 2288 abest:

526 2319 619 2359 oro:
650 2317 819 2358 minime
848 2316 984 2368 flectas
1014 2314 1133 2355 fandi
1163 2313 1232 2355 me‘
1249 2311 1549 2366 prolixitudine

274 2390 364 2431 sive
396 2389 491 2443 quis
525 2386 629 2430 adeo
652 2385 979 2441 Guelferbytani
1011 2385 1226 2439 scriptura
1251 2396 1317 2425 ero
1344 2382 1465 2424 abuti
1490 2382 1608 2424 volet
1626 2382 1671 2423 in
1689 2382 1799 2425 hanc

276 2460 584 2503 coniecturam:

662 2542 752 2582 erqo
782 2526 908 2569 nimi’
940 2540 990 2568 ne
1020 2526 1184 2581 plectas
1216 2525 1244 2566 f.
1276 2524 1335 2566 mi
1366 2539 1407 2579 p.

394 2598 635 2642 Fridericus
662 2597 748 2640 Leo
781 2599 828 2639 in
854 2598 1078 2639 sententiis
1112 2598 1302 2639 controv.
1354 2593 1679 2650 quaestionibus
1704 2592 1800 2636 Ari-

279 2670 546 2725 stophaneis‚
579 2669 876 2712 dissertationi
896 2668 1115 2710 Bonnensi
1148 2683 1184 2710 a.
1208 2667 1319 2709 1873
1352 2666 1525 2707 adnexis
1546 2680 1585 2706 v.
1607 2665 1687 2707 127
1715 2680 1802 2707 non

279 2741 578 2783 cohaerentem
611 2756 707 2783 cum
742 2739 825 2782 125
858 2754 917 2794 sq.
949 2740 1075 2781 initio
1110 2738 1169 2780 sic
1201 2737 1360 2792 corrigi
1393 2735 1548 2777 suasit:

459 2811 485 2853 ό
513 2825 576 2853 ere
606 2811 675 2866 θἠἰ,
705 2825 759 2851 ne
790 2810 953 2865 plectas
985 2809 1105 2851 fandi
1136 2809 1197 2850 mi
1227 2806 1591 2862 prolixitudinem.

399 2881 450 2925 In
470 2896 594 2925 versu
616 2881 699 2923 125
712 2880 935 2922 Leidensis
950 2895 1004 2922 m.
1021 2881 1042 2921 1
1060 2880 1164 2923 ηἰηιὲ
1181 2879 1338 2921 habere
1353 2876 1487 2918 fertur
1502 2875 1649 2918 addita
1663 2890 1684 2919 s
1700 2892 1754 2919 m.
1775 2878 1801 2920 2
