2023 3287
775 249 1030 282 CA1·:(¹.1LIvs
1063 249 1262 281 S‘PA'rivs
1721 248 1775 288 39

998 351 1039 392 II

287 413 342 452 20
1113 412 1314 465 numquid
1348 413 1445 452 nz'uu
1481 415 1591 453 sores

375 469 527 510 Fecere
560 469 719 509 soniti'?

869 525 1163 568 CHRYSION

418 640 424 644 .
459 618 714 658 quamquam
747 617 826 657 ego
859 603 1049 644 mercede
1082 604 1162 644 hue
1199 604 1431 644 conductas
1464 608 1532 644 tua

374 681 587 733 Aduenis),
619 694 671 719 ne
705 679 781 719 tibi
815 694 880 719 me.
913 680 1003 720 e‘sse
1037 680 1089 720 ob
1124 694 1215 720 euni
1249 695 1336 720 rein
1370 680 1596 720 obnoxium

375 757 526 797 Relire:
561 756 725 797 audibis
758 756 885 809 nuile,
918 755 952 796 si
984 756 1093 796 male
1127 754 1231 796 dieis
1264 756 1377 796 mihi.

854 836 1176 878 DARDANVS

285 917 341 957 :25
373 914 495 956 Nihil
529 929 607 969 ego
642 915 729 968 spei
762 913 903 967 eredo,
936 914 1074 955 omnis
1107 929 1172 955 res
1206 915 1363 968 spissus
1397 915 1509 955 facit.

257 1032 433 1064 uidetur
453 1034 698 1063 mutuatum
714 1030 860 1073 Maehly
878 1041 961 1064 ann.
980 1031 1118 1072 philon.
1139 1032 1219 1063 1861
1240 1042 1271 1072 p.
1290 1031 1365 1071 140)
1438 1032 1469 1062 11
1489 1032 1625 1062 Nonius
1643 1033 1717 1070 491,
1738 1034 1779 1063 25

255 1078 410 1110 ‘soniti
438 1081 473 1109 et
499 1087 587 1108 sonu
614 1087 676 1117 pro
695 1077 833 1109 sonitus
859 1079 896 1108 et
921 1079 1022 1107 sono'
1051 1075 1162 1116 (‘soni
1181 1079 1217 1107 et
1235 1086 1343 1107 sonus
1363 1087 1426 1117 pro
1445 1077 1585 1108 sonitus
1611 1081 1648 1107 et
1674 1080 1777 1108 sona’

258 1122 354 1163 libri)
380 1122 579 1154 ‘Pacuuius
597 1120 807 1153 Duloreste:
835 1121 1004 1162 quidnam
1020 1145 1027 1152 .
1046 1146 1052 1153 .
1069 1148 1075 1154 .
1097 1120 1278 1153 Caecilius
1296 1120 1401 1152 Cale.
1415 1121 1468 1152 is:
1495 1132 1575 1152 nam
1595 1120 1776 1162 quidnam'

257 1178 287 1198 e
308 1178 338 1208 q
358 1177 386 1200 s.
413 1165 634 1206 (Chaleiis
659 1164 808 1206 Junius)

195 1221 202 1225 ’
347 1211 548 1243 CumsroN.
597 1210 805 1252 ‘Chrysion'
833 1209 953 1251 (immo
979 1208 1184 1249 Crusion)
1217 1220 1288 1241 non
1315 1210 1520 1251 ‘Chrysius’
1548 1210 1777 1242 scribendum

256 1267 335 1288 esse
362 1255 458 1287 uidit
484 1254 701 1296 Spengelius
732 1265 767 1296 p.
793 1256 831 1287 6:
863 1255 910 1286 cf.
936 1255 1007 1286 ine.
1037 1255 1110 1286 s.ab
1139 1254 1302 1286 XXXVI.
1349 1255 1390 1286 In
1415 1255 1635 1304 Antiphanis
1648 1255 1776 1303 Chr)-

256 1301 333 1332 side
358 1300 423 1340 (ΙΙ)
450 1300 583 1331 habes:
609 1297 782 1340 τέτταρες
807 1293 848 1331 δ’
866 1294 1093 1354 αὐλητρίδες
1111 1293 1295 1349 ’Ἑχουσι
1313 1294 1486 1340 μισθὸν
1512 1298 1577 1331 καὶ
1603 1293 1777 1340 μάγειροι

255 1342 406 1377 δώδεκα
430 1342 495 1376 καὶ
522 1342 748 1386 δημιουργοὶ
773 1341 922 1386 μέλιτος
948 1341 1126 1376 αἰτοῦσαι
1152 1340 1312 1385 σκάφας
1346 1380 1361 1385 κ
1406 1343 1547 1375 Gellius
1574 1345 1622 1376 VI
1655 1346 1706 1377 17
1736 1346 1776 1375 13

256 1391 352 1432 ‘quis
385 1389 474 1421 adeo
501 1393 575 1420 tam
599 1389 747 1430 linguae
772 1389 931 1421 Latinae
957 1389 1104 1430 ignarus
1136 1392 1206 1428 est,
1240 1389 1326 1429 quin
1359 1389 1453 1420 sciit
1485 1399 1564 1419 eum
1597 1389 1669 1420 (liei
1702 1389 1776 1420 ob-

255 1436 447 1474 noxium,
481 1435 540 1465 cui
574 1434 659 1474 quid
692 1434 738 1465 ab
771 1443 831 1473 e0‚
869 1433 926 1465 cui
959 1443 1038 1465 esse
1071 1433 1246 1465 obnoxius
1273 1433 1425 1472 dieitur,
1457 1433 1714 1465 incommodari
1742 1437 1778 1464 et

255 1480 379 1511 noceri
398 1479 531 1520 possit,
559 1482 594 1509 et
613 1479 673 1519 qui
691 1478 828 1510 habeat
843 1478 1003 1519 aliquem
1022 1485 1164 1518 noxae‚·
1182 1478 1218 1509 id
1237 1483 1292 1509 est
1312 1478 1439 1519 eulpae
1459 1487 1547 1509 suae
1567 1479 1776 1510 eonseium‘.>

337 1534 406 1565 qua
439 1534 524 1555 uero
555 1523 617 1554 ille
650 1523 906 1564 grammaticus
937 1522 1100 1554 finitione
1132 1533 1219 1554 usus
1251 1526 1322 1559 est,
1358 1533 1402 1554 ea
1426 1522 1570 1554 uidetur
1600 1524 1636 1554 in
1666 1523 1776 1554 uerbo

255 1573 329 1600 tam
346 1568 538 1610 multiplici
557 1578 663 1599 unam
681 1571 820 1600 tanturn
839 1567 942 1599 modo
960 1568 1231 1609 usurpationem
1251 1567 1328 1599 eius
1346 1570 1506 1607 notasse,
1525 1577 1616 1608 quae
1635 1567 1776 1608 quidem

255 1614 423 1655 congruit
448 1623 526 1644 cum
554 1611 781 1653 significatu,
807 1622 877 1653 quo
903 1612 1087 1644 Caecilius
1111 1622 1198 1644 usus
1227 1615 1282 1643 est
1306 1613 1344 1643 in
1369 1611 1526 1652 Crysio
1554 1613 1591 1643 in
1618 1611 1674 1643 his
1698 1621 1776 1643 uer-

254 1683 371 1732 sibus:
398 1683 628 1722 quamquam'
657 1691 685 1714 e.
711 1691 743 1722 q.
768 1691 793 1715 s.
825 1680 997 1721 (Crysio
1023 1680 1064 1711 in
1089 1681 1178 1721 Reg.
1203 1681 1287 1712 Vat.
1315 1663 1406 1712 c¹sio
1438 1680 1482 1711 in
1499 1677 1613 1721 Rott.)
1631 1679 1775 1720 Coquus

257 1727 548 1802 'qulgiiln-DANVS
574 1769 818 1810 (Menand1·i?)
855 1770 994 1802 Nonius
1019 1771 1094 1810 392,
1121 1771 1162 1802 15
1187 1770 1398 1811 ‘spissum
1431 1768 1612 1811 signifieat
1644 1769 1774 1801 tarde?

255 1890 451 1924 senarium
482 1888 626 1923 scilicet
651 1888 904 1934 praedicans.
965 1888 1012 1922 ait
1042 1887 1097 1922 hic
1129 1887 1267 1923 uicinus
1299 1899 1357 1923 eas
1389 1886 1490 1922 nobis
1520 1888 1705 1934 peperisse
1737 1898 1774 1921 se

256 1946 315 1980 uel
345 1945 393 1979 ait
425 1944 480 1979 hic
511 1955 544 1978 u.
577 1955 634 1979 eus
666 1945 848 1991 peperisse
879 1955 918 1979 se
949 1943 1056 1978 Vobis
1089 1945 1168 1989 uel,
1201 1946 1234 1979 si
1262 1956 1336 1979 non
1369 1954 1419 1979 ex
1457 1945 1604 1990 1'1290112'0
1638 1943 1774 1978 uicinus

255 2011 292 2036 se
323 2005 438 2035 autern
481 2000 663 2047 peperisse
709 1998 810 2035 uobis
849 2001 1006 2036 ediderit
1036 2000 1174 2043 Aldus,
1217 2000 1263 2034 ait
1304 2000 1359 2035 hie
1399 1999 1536 2034 uicinus
1567 2004 1684 2033 aulem
1716 2010 1773 2033 eas

200 2080 202 2082 -
254 2057 435 2103 peperisse
466 2066 505 2090 se
535 2055 642 2090 Vobis
674 2056 889 2091 Grauerlus
918 2057 1031 2093 Anal.
1066 2056 1142 2090 111
1175 2056 1365 2091 adnotans
1403 2057 1566 2090 uicinum
1598 2056 1775 2091 mulieres

253 2113 457 2158 quasdam,
501 2122 600 2158 quae
639 2123 681 2147 eo
720 2122 838 2158 usque
877 2113 1038 2147 aliorum
1074 2113 1178 2157 filiae
1216 2111 1368 2147 habilae
1409 2115 1555 2155 essent,
1591 2122 1664 2156 pro
1695 2113 1774 2145 suis

254 2169 455 2215 agynonisse
493 2168 580 2203 dici.
640 2173 694 2202 sat
732 2168 790 2202 hie
829 2168 966 2203 uicinus
1003 2172 1100 2202 natas
1139 2177 1177 2202 se
1215 2168 1397 2214 peperisse
1429 2167 1475 2201 ait
1506 2167 1662 2213 Maelely
1691 2169 1716 2202 l.
1748 2168 1772 2201 l.

254 2224 302 2258 ειίι
333 2223 389 2257 hie
419 2223 558 2258 uicinus
579 2234 618 2257 se
648 2223 712 2258 has
742 2224 924 2270 peperisse
953 2223 1119 2270 paruolus
1144 2222 1408 2259 Buechelerus
1428 2234 1502 2258 non
1533 2223 1774 2258 dissimulans

255 2280 420 2314 ultimum
461 2280 685 2314 uocabulum
723 2282 910 2315 incertum
949 2289 1053 2314 esse.-
1096 2291 1119 2314 a
1156 2281 1293 2315 litteris
1332 2280 1482 2314 traditis
1520 2277 1674 2325 gnobilis
1714 2282 1773 2313 sal

250 2344 373 2380 prope
405 2334 520 2369 abest.
581 2335 669 2370 Mea
709 2337 895 2371 sententia
931 2339 1106 2380 poteram
1137 2337 1247 2370 etiam
1278 2337 1471 2371 senarium
1508 2336 1688 2380 explere.-
1719 2338 1773 2368 sat

256 2390 311 2425 hie
342 2390 478 2424 uicinus
501 2400 598 2425 asses
628 2391 828 2437 peperisset
859 2390 972 2426 bonos
1145 2389 1197 2426 20
1227 2390 1398 2437 numquid
1437 2401 1514 2424 utun
1556 2389 1773 2425 Grauertus

253 2447 364 2481 Anal.
400 2445 478 2480 112
500 2456 579 2480 narn
611 2445 775 2493 quidnam
804 2447 894 2482 libri
920 2457 998 2481 nam
1032 2445 1114 2492 quid
1146 2446 1328 2489 Bollzius.
1363 2446 1535 2492 fortasse
1566 2450 1670 2480 recle
1700 2455 1771 2480 nec

253 2502 494 2547 inprobalum
526 2501 742 2548 Spetzqelio,
783 2505 848 2549 qui
884 2506 1007 2537 lamen
1045 2504 1127 2548 ipse
1157 2512 1235 2537 nam
1267 2501 1351 2549 quid
1389 2502 1455 2536 iam
1488 2502 1546 2536 uel
1578 2511 1655 2535 nam
1687 2500 1770 2547 quial

254 2568 347 2593 nune
371 2559 588 2602 proposuit.
650 2557 778 2594 Conici
807 2560 918 2594 etiam
948 2568 1042 2593 nunc
1073 2557 1158 2604 quid
1189 2568 1269 2592 nam
1306 2559 1437 2602 possit.
1573 2556 1685 2591 sortes
1727 2556 1773 2590 W

367 2612 415 2647 21
450 2612 565 2648 faeere
611 2613 658 2648 W
692 2612 825 2648 Bamb.
943 2612 993 2647 22
1034 2613 1098 2648 hae
1135 2612 1177 2647 ad
1216 2612 1346 2648 (luctus
1387 2613 1488 2648 Rotl.
1614 2611 1665 2647 23
1709 2610 1770 2646 ob-

254 2669 397 2704 noxium
437 2667 481 2704 ob
522 2679 596 2704 eam
636 2679 709 2704 rein
748 2669 850 2705 Rott.
968 2667 1020 2703 24
1052 2667 1139 2704 dieis
1184 2669 1263 2703 Vat.
1297 2668 1386 2703 dixis
1419 2669 1474 2703 ed.
1508 2668 1768 2711 Gronouicma,

250 2724 424 2770 fortasse
455 2728 559 2759 recte
675 2723 726 2760 25
759 2724 844 2759 nihil
867 2735 934 2772 ego
957 2724 1032 2770 spei
1054 2723 1161 2760 credo
1193 2724 1281 2759 libri
1305 2726 1482 2770 plerique
1504 2723 1549 2769 (ei
1580 2728 1669 2759 ante
1700 2734 1768 2769 ego

251 2780 328 2826 fuit
360 2791 442 2815 cum
474 2782 593 2816 inseri
623 2779 768 2825 uellem)
800 2779 884 2815 nihil
916 2780 966 2814 rei
998 2790 1065 2826 ego
1098 2779 1205 2813 credo
1238 2780 1360 2815 Basil.
1392 2780 1483 2815 Gen.
1516 2779 1563 2814 nil
1595 2788 1663 2826 ego
1694 2780 1769 2825 spei

254 2835 360 2871 eredo
400 2837 510 2882 uulyo
550 2836 596 2872 nil
636 2846 674 2871 re
713 2847 781 2883 ego
821 2842 895 2882 spe·
924 2834 1030 2870 credo
1063 2834 1103 2869 L.
1136 2835 1301 2871 Mueller
1331 2837 1376 2870 (le
1407 2845 1449 2870 re
1480 2847 1524 2870 m.
1556 2834 1649 2879 441,
1681 2835 1771 2869 milti

256 2892 432 2927 obscura.
463 2891 511 2927 nil
543 2892 612 2939 ego
643 2893 718 2940 spei
749 2890 878 2937 credo,
910 2902 1018 2939 quom
1042 2902 1157 2938 prop.
1189 2892 1339 2939 quidam
1501 2891 1614 2938 spissa
1644 2890 1765 2926 Basil-
