2023 3287
272 224 325 265 66
796 226 1051 278 cimolmvs
1078 226 1274 259 s'rA'rivs

914 328 1021 370 XIII
1055 327 1150 385 (18)

277 406 358 445 180
391 404 500 453 Quid
531 405 612 445 hoe
646 405 837 445 futurum
859 405 1099 464 obsonioslj,
1131 406 1203 447 ubi
1222 407 1391 447 tantum
1413 407 1570 460 sumpti
1602 406 1793 448 factum?

917 481 1022 523 XIV
1055 480 1150 538 (17)

389 556 591 597 Insanum
628 557 863 611 auspicium
899 556 1034 614 [haut]
1071 559 1192 600 aliter
1224 559 1497 600 bisti-ionium
1530 562 1606 614 est,

388 633 530 687 Atque
563 636 609 674 ut
642 634 916 687 magistratus
927 669 938 689 ,
969 635 1162 689 publicae
1197 634 1288 691 [rei]
1324 650 1419 676 cum
1451 636 1674 689 auspieant

926 710 1008 752 XV
1043 710 1138 767 (10)

388 786 451 827 Tu
495 801 651 827 nurum
694 801 782 828 non
826 786 892 828 uss
938 788 1129 828 odiosam
1167 787 1248 829 tibi
1287 802 1395 842 esse,
1440 803 1566 841 quam
1604 788 1795 828 rarenter

1124 864 1299 905 uideas?

915 939 1019 981 XVI
1053 938 1149 995 (13)

394 1016 468 1057 Ibo
503 1016 555 1056 aid
587 1016 728 1057 forum
761 1019 803 1057 et·
834 1017 1027 1071 pauperii
1060 1017 1240 1063 tutelam
1273 1031 1428 1071 geram.

907 1098 1035 1140 XVII
1068 1098 1163 1155 (19)

272 1176 353 1218 185
387 1176 462 1216 Ibo
502 1175 691 1216 domum:
737 1175 789 1215 ad
833 1175 1000 1229 plebem
1039 1176 1246 1231 pergitur:
1292 1174 1522 1230 publicitus
1562 1175 1794 1216 defendun—

1119 1252 1271 1293 dumet.

906 1327 1055 1370 XVIII
1091 1327 1155 1383 (8)

390 1404 684 1459 Opulentitate
717 1406 865 1446 nostra
899 1405 979 1445 sibi
1014 1403 1135 1460 [esse]
1170 1405 1368 1445 iniuriam

390 1480 567 1522 Factam

269 1612 341 1643 abi’
377 1622 407 1642 e.
442 1622 474 1652 q.
508 1621 535 1644 s.
587 1610 784 1650 (Plocias
818 1610 947 1646 Basil.)
1064 1610 1151 1643 XIII
1176 1610 1313 1642 Nonius
1338 1611 1420 1647 484,
1453 1612 1495 1642 33
1521 1610 1708 1652 ‘sumpti
1733 1621 1796 1651 pro

268 1659 432 1698 sumptus
451 1679 458 1688 .
477 1681 484 1688 .
505 1658 527 1689 .’
622 1655 706 1687 XIV
731 1655 871 1688 Nonius
896 1656 979 1692 468,
1014 1656 1056 1687 25
1089 1656 1348 1697 ‘auspicaui
1380 1665 1442 1697 pro
1475 1655 1688 1696 auspicatus
1719 1665 1796 1687 sum

270 1729 277 1735 .
293 1725 301 1733 .
318 1726 325 1732 .
345 1701 532 1732 Caecilius
558 1699 700 1732 Plocio:
727 1701 928 1732 insanum
942 1703 952 1718 ²
980 1710 1011 1733 e.
1031 1710 1065 1741 q.
1083 1710 1110 1733 S.
1161 1700 1338 1732 ‘Naeuius
1364 1700 1453 1732 belli
1470 1700 1643 1732 Poenici.
1661 1726 1668 1733 .
1683 1723 1690 1731 .
1706 1700 1796 1731 Cae-

268 1746 374 1778 cilius
401 1745 544 1777 Plocio:
576 1749 622 1776 ut
653 1746 954 1787 magistratus
986 1744 1167 1786 publice
1200 1755 1292 1777 eum
1324 1746 1593 1787 auspicanw

268 1791 332 1823 XV
357 1791 497 1823 Nonius
525 1791 598 1829 164,
624 1792 666 1822 2ss
700 1793 931 1822 ‘rarenter
963 1800 1027 1831 pro
1053 1792 1160 1822 rare.’
1254 1790 1338 1822 XVI
1362 1790 1501 1822 Nonius
1526 1791 1602 1830 220,
1628 1791 1650 1820 4
1675 1793 1795 1831 ‘pau—

268 1840 423 1878 pertas
449 1836 592 1876 generis
620 1835 796 1866 feminini.
847 1836 974 1867 Neutri
1001 1834 1185 1866 Caecilius
1211 1835 1379 1866 Ploehio:
1410 1835 1486 1867 ibo’
1514 1839 1551 1865 e?
1573 1845 1604 1875 q.
1632 1845 1658 1868 S.

268 1881 370 1912 XVII
396 1881 535 1912 Nouius
552 1882 627 1919 513,
657 1882 674 1912 7
702 1880 972 1921 ‘publicitus
997 1890 1061 1922 pro
1086 1879 1233 1921 publice
1255 1905 1261 1911 .
1282 1904 1288 1911 .
1308 1904 1316 1912 .
1335 1879 1522 1911 Caecilius
1547 1879 1689 1911 Plocio:
1718 1879 1792 1910 ibo’

269 1937 299 1957 e.
329 1937 360 1967 q.
387 1936 413 1957 s.
509 1925 630 1957 XVIII
663 1925 801 1957 Nonius
834 1926 915 1965 146,
950 1926 990 1956 14
1023 1924 1331 1966 ‘opulentitas
1362 1935 1426 1966 pro
1458 1923 1645 1966 opulentia
1672 1949 1678 1955 .

269 2045 389 2090 auser,
428 2044 457 2079 si
496 2046 637 2089 scripsi
665 2042 765 2078 auser
810 2043 949 2087 Urbin,
983 2044 1100 2089 uulqo
1131 2042 1245 2077 aufert
1284 2045 1404 2078 ceteri
1431 2042 1520 2078 libri
1549 2042 1688 2077 auferto
1725 2042 1795 2078 Bo-

269 2103 368 2137 tbius
484 2099 631 2135 liocedie
664 2099 857 2146 Berylcius
887 2100 1014 2137 diurn.
1048 2101 1164 2146 antiq.
1202 2097 1306 2134 1855
1336 2100 1360 2134 l.
1389 2100 1414 2134 l.
1447 2100 1664 2134 conlinuato
1696 2103 1795 2146 eelo-

269 2160 380 2193 nario
411 2157 570 2192 iambico
686 2167 735 2190 an
767 2155 917 2190 extollet
947 2157 1028 2190 siue
1050 2154 1213 2190 extollit?
1332 2154 1411 2190 180
1442 2153 1594 2189 obsonio
1634 2158 1688 2188 est
1718 2154 1795 2189 Bo-

269 2214 369 2250 thius
401 2212 423 2247 2
465 2211 616 2247 obsonio
649 2217 683 2246 et
713 2212 802 2247 libri
918 2210 994 2247 181
1030 2211 1225 2258 hospitium
1248 2210 1348 2246 Lem.
1438 2210 1524 2246 haut
1545 2211 1675 2246 addidi
1684 2238 1692 2252 ‚
1724 2221 1794 2245 oni.

268 2269 357 2306 libri
459 2269 651 2304 istrionum
676 2268 766 2303 libri
882 2266 959 2303 182
993 2266 1151 2314 publicae
1182 2267 1233 2301 rei
1264 2278 1342 2302 cuin
1374 2269 1517 2312 scripsi
1545 2265 1685 2313 publice
1716 2277 1795 2310 cuin

268 2327 359 2362 libri
388 2336 466 2360 cum
499 2323 690 2371 publicitus
721 2323 877 2370 Maelzly
907 2325 931 2359 l.
965 2324 988 2358 l.
1021 2322 1162 2370 publice
1195 2323 1336 2369 quando
1368 2324 1452 2358 olim
1484 2324 1632 2358 conieci
1744 2322 1796 2357 in-

270 2393 394 2418 sanum
426 2380 639 2428 auspicium!
675 2400 723 2404 —
758 2379 913 2425 fallitur,
945 2379 1173 2414 histrionium
1196 2383 1250 2414 est
1271 2378 1394 2426 Neque
1427 2383 1464 2413 ut
1494 2389 1553 2417 m.‚
1585 2390 1621 2425 p.
1654 2377 1795 2425 quando

270 2439 456 2485 auspicant
494 2436 655 2472 Bolleius
695 2436 718 2471 i.
757 2437 807 2471 θλ
850 2435 943 2472 haud
982 2435 1084 2470 aliter
1122 2435 1348 2470 histrioniam
1386 2439 1462 2479 est,
1502 2435 1619 2480 Atque
1658 2439 1697 2468 ut
1737 2444 1793 2478 ιιι,

270 2493 411 2542 publice
434 2503 577 2540 quoque
601 2492 783 2539 :inspicant
805 2491 1032 2539 Speiiyelius
1148 2490 1226 2527 183
1258 2501 1387 2526 nurum
1410 2495 1448 2525 tu
1470 2501 1541 2525 non
1565 2490 1616 2524 uis
1638 2489 1794 2525 odiosam

272 2550 332 2586 tibi
356 2549 440 2585 Esse
473 2549 700 2594 Speiiyelius
875 2547 951 2588 184
982 2548 1143 2595 pauperii
1182 2547 1326 2592 scripsi
1361 2545 1429 2593 (ef.
1464 2546 1607 2582 Gellius
1636 2545 1702 2581 IX
1730 2544 1792 2592 14)

270 2607 418 2653 pauperi
448 2605 537 2640 libri
566 2606 737 2651 pauperie
761 2603 985 2651 Spenyeliecs
1013 2605 1182 2650 pauperie
1206 2603 1366 2639 Bothius
1468 2601 1544 2637 185
1576 2600 1622 2636 ihi
1653 2600 1794 2636 demum

276 2663 433 2697 Boacias
464 2661 607 2696 domum
638 2659 696 2696 ibo
730 2659 944 2695 Grauertus
982 2661 1094 2695 Αηαί.
1129 2659 1208 2694 114
1323 2659 1485 2706 pergitor
1516 2657 1740 2704 Spenyeli'us

284 2719 371 2754 Vide
403 2729 452 2753 (ιη
484 2719 537 2752 sic
565 2719 692 2762 potius
722 2715 780 2751 ibo
803 2715 845 2751 ind
869 2715 1003 2761 sorum,
1038 2715 1078 2750 ad
1109 2714 1250 2763 plebem
1280 2714 1473 2762 peragetur
1503 2713 1719 2748 sribeizdum
1749 2715 1796 2748 sit

384 2772 650 2809 defendundum
682 2778 737 2807 est
765 2773 855 2808 libri
880 2774 1055 2819 plerique
1086 2770 1346 2806 defendendum
1378 2775 1432 2805 est
1464 2769 1597 2804 Bamb.
1717 2768 1794 2805 186

272 2841 350 2864 esse
388 2830 536 2874 addidi,
575 2840 643 2864 om.
682 2829 773 2864 libri
890 2828 966 2864 187
1006 2827 1131 2863 saetam
1171 2827 1374 2862 Mercerus
1411 2825 1534 2860 faciam
1571 2825 1674 2869 libri,
1722 2836 1795 2871 quo

273 2891 426 2921 serimlo
459 2886 543 2920 olim
575 2890 731 2929 nepos!
763 2883 827 2919 sihi
859 2887 1111 2928 inserueram,
1153 2884 1188 2917 si⁴
1212 2882 1477 2918 Bueelzelerus
1502 2883 1684 2926 proponit
