2023 3287
715 229 1064 264 COROLLARIVM
1497 229 1648 263 LXXIII

135 339 320 392 videtur,
360 339 410 380 ad
449 339 568 380 cuius
606 337 931 378 similitudinem
965 338 1176 390 plaustris
1212 338 1412 379 adsestrix
1446 338 1653 390 sponstrioe

135 409 294 465 (Probo
327 412 437 450 teste
469 424 507 462 p.
539 408 637 460 212,
674 408 725 448 16
757 406 827 463 Κ.)
859 408 1023 448 formae
1064 408 1205 449 factae
1239 410 1348 448 sunt.
1411 408 1482 448 sed
1515 408 1650 449 faten-

133 481 233 521 dum
266 482 330 520 est
366 480 478 520 inter
510 478 655 520 omnia
691 477 768 518 illa
800 477 995 531 exempla
1031 478 1198 518 nullum
1231 480 1391 532 extare,
1429 479 1547 519 cuius
1581 478 1650 519 ad-

133 551 298 592 finitate
336 550 442 591 satis
481 563 525 589 se
562 550 734 589 tueatur
772 551 786 587 t
821 548 967 588 littera
1006 548 1049 588 in
1087 549 1246 589 cursrias'
1281 548 1465 589 formam
1505 548 1651 601 inlata,

134 624 181 662 ut
218 636 325 676 qua-e
365 636 388 661 a
425 620 543 661 verbi
582 618 716 672 stirpe
748 633 922 671 prorsus
961 618 1102 659 aliena
1141 619 1207 659 sit.
1272 633 1320 658 ac
1357 633 1409 658 ne
1447 619 1652 670 expultrix

134 692 322 745 quidem,
354 691 464 745 quod
496 691 541 731 in
572 690 780 742 exfflaelsre'oe
816 689 979 729 formae
1014 689 1149 729 vicem
1182 688 1361 730 novavit
1392 687 1558 741 Cicero,
1599 689 1649 729 ad

134 762 340 803 amussim
372 761 564 818 quadrat.

252 832 338 873 210
380 833 491 873 visus
532 835 589 872 est
630 831 805 872 nimium
845 829 946 870 mim
991 830 1035 870 in
1079 830 1195 871 exitu
1240 845 1386 870 versus
1428 829 1652 870 Eduardus

133 903 297 944 Becker
329 905 371 943 et
402 903 452 943 A.
484 901 626 943 Luchs
660 901 768 942 stud.
800 900 820 941 I
853 901 920 942 68.

251 974 338 1014 220
375 972 440 1014 Ne
473 973 517 1013 in
547 973 701 1014 sandei·
739 971 940 1012 adverbio
979 971 1175 1024 haereas,
1207 971 1280 1012 ubi
1320 985 1501 1026 magnus
1536 985 1656 1012 amor

136 1044 418 1097 desideratur,
457 1043 811 1085 considerandum
843 1045 907 1083 est
939 1042 1056 1096 loqui
1087 1042 1293 1095 puellam)
1335 1042 1401 1083 cui
1435 1042 1501 1082 vel
1542 1042 1653 1082 insa-

135 1115 338 1156 nissimus
378 1113 661 1155 adulescentis
695 1127 815 1153 amor
846 1127 943 1153 vere
983 1127 1110 1153 sanus
1142 1112 1355 1166 videatur,
1395 1127 1653 1167 quamquam

135 1186 311 1227 suaviter
342 1184 563 1237 Palmerii,
600 1184 685 1224 nisi
715 1184 874 1224 lemma
907 1184 1115 1236 obstaret,
1154 1183 1435 1224 confidentius
1470 1183 1653 1236 amplec—

135 1259 258 1296 terer.
319 1255 566 1308 Numquam
605 1256 748 1295 autem
786 1255 1012 1308 quisquam
1050 1255 1140 1294 tam
1177 1253 1360 1307 frigidus
1392 1253 1486 1305 fuit,
1518 1255 1566 1293 ut
1604 1253 1656 1292 ad

136 1326 295 1367 amoris
339 1326 427 1365 vim
465 1325 787 1379 exprimendam
825 1325 1015 1365 adcurate
1054 1323 1257 1365 adverbio
1296 1325 1504 1376 uteretur,
1542 1323 1655 1376 quod

132 1397 273 1438 labori
318 1396 468 1448 cuivis,
512 1410 599 1437 non
637 1395 769 1436 animi
815 1395 1009 1436 sensibus
1048 1394 1337 1435 describendis
1385 1396 1533 1447 aptum
1579 1395 1654 1434 est.

135 1470 284 1509 contra
306 1467 500 1521 ineptum
524 1466 699 1507 minime
723 1469 835 1507 esset
860 1466 972 1520 quod
995 1465 1097 1506 libri
1119 1465 1281 1506 habent
1306 1466 1488 1513 adorate,
1513 1464 1653 1504 simile.

136 1539 294 1592 quippe
327 1537 518 1578 futurum
552 1537 638 1578 illis
670 1539 872 1587 meditate,
906 1537 1121 1587 moderate,
1155 1536 1270 1588 aliis,
1303 1536 1338 1576 si
1372 1535 1498 1576 modo
1533 1534 1652 1576 ‘ado-

136 1608 245 1649 rari'
278 1609 493 1662 deponens
527 1608 757 1661 aliquando
788 1608 922 1648 fuisse
954 1606 1129 1661 probari
1161 1608 1319 1660 posset.

257 1679 341 1719 212
375 1693 433 1731 sq.
467 1678 517 1718 cf.
549 1678 626 1718 Ed.
658 1678 822 1719 Becker
854 1678 961 1718 stud.
993 1676 1014 1717 Ι
1049 1677 1142 1717 134.

255 1750 338 1791 228
390 1747 643 1802 Comparari
694 1751 874 1802 possunt
916 1747 1128 1789 Ballionis
1179 1747 1223 1787 in
1264 1746 1475 1789 Pseudulo
1525 1748 1655 1788 verba

137 1835 173 1860 v.
209 1820 290 1861 163
325 1818 467 1872 ‘ha607
506 1833 634 1872 quam
667 1833 746 1873 ego
781 1835 802 1859 a
837 1820 931 1860 foro
963 1820 1176 1870 revortar,
1214 1818 1344 1859 facite
1375 1822 1422 1858 snt
1451 1818 1655 1869 offendam

135 1892 285 1944 parata
331 1890 471 1930 Vorsa
516 1904 666 1943 sparsa
710 1892 825 1930 tersa
870 1891 1007 1929 strata
1056 1889 1175 1928 lauta
1220 1890 1464 1942 structaque
1511 1889 1653 1929 omnia

135 1963 183 2002 ut
215 1959 326 2001 sint’.

253 2031 336 2071 229
376 2031 538 2071 tertium
570 2030 680 2069 tueri
712 2029 880 2070 videtur
912 2030 1023 2083 quod
1057 2030 1307 2083 oppositum
1341 2032 1405 2071 est
1434 2044 1581 2080 unum,
1614 2032 1656 2070 et

134 2101 283 2142 licebit
314 2100 605 2154 septenarium
639 2099 699 2140 sic
732 2100 918 2154 explere:

348 2172 510 2212 tc'rtz'um
540 2171 646 2211 didm
669 2165 949 2223 praedandum
980 2170 1109 2211 vinum
1143 2171 1304 2223 [solum]
1339 2171 1475 2213 z‘e'oeere.

137 2242 187 2283 cf.
219 2242 311 2282 Ter.
333 2242 395 2282 ad.
417 2242 501 2283 833
535 2240 680 2282 ‘solum
711 2255 841 2281 unum
873 2240 955 2281 boc
988 2241 1142 2282 vitium
1173 2242 1259 2282 fert
1291 2243 1485 2283 senectus
1519 2241 1655 2283 homi—

136 2310 291 2352 nibus’.
351 2310 523 2353 Phorm.
557 2311 653 2352 754.

255 2381 341 2421 234
384 2381 515 2422 Plane
553 2382 763 2423 incertum
799 2397 903 2422 num
942 2381 1098 2422 senarii
1138 2397 1191 2422 an
1230 2382 1440 2423 octonarii
1480 2382 1652 2423 iambici

137 2467 191 2492 an
222 2451 431 2492 trochaici
470 2452 702 2504 septenarii
741 2452 901 2492 exitum
935 2467 988 2492 an
1020 2451 1200 2505 denique
1209 2485 1220 2505 7
1259 2452 1295 2492 si
1320 2453 1520 2504 pere'clmn
1553 2453 1653 2493 scri-

136 2523 225 2575 bas,
258 2522 375 2575 prius
408 2521 596 2562 eiusdem
628 2521 951 2563 hemistichium
982 2525 1217 2563 teneamus.

255 2593 339 2633 236
391 2591 555 2633 Ceteris
600 2592 851 2634 commentis
891 2592 1090 2634 omnibus
1134 2592 1280 2633 nescio
1322 2607 1377 2633 an
1414 2593 1654 2646 praeferen-

138 2662 237 2703 dum
271 2663 347 2703 sit:

362 2733 560 2774 tene'tur.
604 2747 717 2774 nemo
750 2734 796 2773 in
825 2734 954 2775 me'dio
985 2736 1051 2774 est.
1097 2733 1315 2785 oizaqnz'ficc'
1340 2733 1425 2773 volo

359 2803 559 2856 flztctdtim
592 2804 651 2844 irc
680 2804 736 2844 ad
765 2803 884 2844 illum
915 2818 948 2844 e.
980 2818 1018 2857 q.
1052 2818 1084 2846 S.

136 2875 239 2914 nota
277 2873 326 2914 de
366 2888 433 2927 eo,
470 2874 544 2928 qui
581 2874 669 2915 iam
702 2873 903 2929 aufugere
940 2888 1028 2915 non
1068 2874 1224 2928 possit,
1261 2874 1428 2915 dicendi
1468 2875 1650 2917 formula
