2023 3287
267 201 351 242 400
583 202 921 236 ANONYMORVM
948 202 1180 235 MIMORVM
1208 203 1469 246 RELIQVIAE

948 305 1100 348 XVIII

385 383 480 423 cata
541 382 693 424 carisia

975 441 1081 484 XIX

385 500 626 542 strutheum

986 577 1067 619 XX

382 637 613 679 familiares

968 713 1075 756 XXI

382 773 601 829 ingluuiae
954 782 956 784 ’

967 850 1095 893 ΧΧΠ

382 928 654 983 monopticus

948 1004 1098 1046 XXIII
1113 1046 1119 1050 .

382 1064 620 1106 exodiarius

955 1142 1101 1185 XXIV

380 1220 598 1275 podiarius

968 1296 1094 1339 XXV

384 1357 536 1399 ludosi.
596 1357 686 1398 ludi

267 1489 337 1518 est:
364 1488 508 1519 omnia
526 1487 740 1528 secunda,
768 1486 911 1518 saltat
930 1488 1089 1518 senex.'
1138 1485 1238 1517 Adde
1254 1486 1433 1518 Macrobii
1451 1485 1528 1518 Sat.
1547 1487 1564 1518 Ι
1582 1488 1635 1526 17,
1652 1488 1695 1520 25
1714 1499 1789 1530 sqq.

265 1532 423 1563 Factum
456 1535 512 1564 est
543 1532 638 1574 quod
663 1529 1003 1564 narrauit'Verrius
1034 1531 1074 1564 P.
1101 1530 1264 1573 Sulpicio
1293 1531 1410 1563 Galba
1443 1531 1507 1563 Cn.
1534 1533 1666 1565 Fuluio
1699 1543 1790 1568 coss.

268 1587 362 1609 anno
388 1577 553 1619 543s211‚
584 1579 632 1609 M.
659 1577 856 1619 Calpurnio
889 1577 1022 1608 Pisone
1056 1580 1224 1618 praetore
1255 1576 1394 1608 urbano
1425 1576 1526 1609 ludos
1557 1579 1790 1619 Apollinares

268 1626 419 1654 curante
453 1633 547 1655 anno
583 1623 786 1664 praeterito
817 1624 883 1664 Ap.
919 1621 1074 1654 Claudio
1105 1622 1262 1654 Pulchro
1295 1622 1336 1661 Q.
1370 1622 1499 1654 Fuluio
1531 1623 1666 1655 Flacco
1698 1633 1789 1655 coss.

267 1668 419 1709 primum
449 1669 658 1704 institutos,
692 1678 761 1709 quo
792 1667 872 1709 ipso
904 1678 998 1698 anno
1030 1667 1211 1709 parasitos
1242 1667 1441 1708 Apollinis,
1478 1667 1513 1701 h.
1548 1679 1579 1700 e.
1612 1668 1790 1700 artificum

267 1714 517 1744 scaenicorum
549 1713 800 1753 sodalitatem,
831 1713 1021 1744 institutos
1054 1722 1134 1743 esse
1168 1712 1326 1744 coniecit
1357 1712 1558 1744 Merkelius
1589 1713 1634 1744 ad
1667 1713 1791 1745 Ouidii

267 1759 351 1788 fast.
377 1769 409 1800 p.
429 1758 654 1790 CCXXXIV.
704 1757 759 1790 Cf.
786 1758 1096 1789 Friedlaenderus
1121 1757 1159 1788 in
1181 1757 1409 1798 Marquardti
1433 1758 1664 1798 antiquitatt.
1689 1759 1789 1790 Rom.

267 1803 319 1834 IV
343 1813 376 1844 p.
403 1806 479 1838 533,
507 1803 688 1835 Prellerus
714 1803 862 1843 mythol,
887 1804 990 1835 Rom.
1018 1804 1095 1842 270,
1119 1802 1363 1834 Mommsenus
1395 1802 1477 1834 hist.
1504 1802 1603 1834 Rom.
1628 1802 1699 1835 ΙΙΙ2
1724 1804 1789 1836 569

363 1849 535 1889 Suspicor
559 1859 629 1880 non
656 1849 693 1879 in
718 1858 902 1888 scaena,
930 1848 992 1879 sed
1011 1849 1048 1878 in
1075 1858 1187 1879 cena
1205 1849 1387 1889 parasitos
1404 1848 1497 1880 istos
1515 1847 1695 1890 Apollinis
1713 1859 1791 1890 pro-

267 1895 393 1926 uerbio
415 1894 477 1925 illo
495 1904 578 1926 usos
604 1893 737 1932 fuisse,
763 1904 840 1924 cum
867 1904 904 1924 re
931 1893 1023 1924 bene
1042 1896 1148 1934 gesta
1166 1893 1285 1934 epulis
1303 1903 1341 1924 se
1359 1898 1577 1925 recrearent.
1670 1893 1792 1924 XVIII

269 1939 413 1971 Placidi
445 1938 590 1980 glossae
623 1940 661 1970 in
686 1940 725 1970 A.
754 1939 828 1969 Mai
855 1942 950 1970 auct.
984 1938 1090 1969 class.
1116 1937 1170 1968 III
1194 1939 1258 1969 449
1285 1938 1437 1977 ‘carisa,
1469 1941 1576 1968 uetus
1600 1937 1685 1969 lena
1710 1948 1789 1979 per-

268 1985 420 2021 callida,
447 1987 541 2015 unde
576 1988 614 2016 et
644 1985 682 2015 in
713 1983 818 2014 mimo
849 1983 1006 2015 fallaces
1033 1982 1189 2014 ancillae
1223 1983 1504 2014 catacarisia
1529 1982 1789 2024 appellantur.’

270 2030 326 2061 Cf.
355 2029 461 2060 Pauli
492 2030 623 2060 Festus
655 2039 691 2070 p.
717 2030 760 2060 44
791 2029 1029 2060 ‘carissam
1062 2027 1157 2069 apud
1190 2028 1371 2059 Lucilium
1403 2027 1545 2058 nasi-am
1576 2026 1788 2069 signifieat.’

268 2075 360 2107 thes.
387 2084 468 2106 nou.
495 2074 560 2105 lat.
586 2075 623 2104 in
648 2076 690 2104 A.
717 2073 793 2104 Mai
819 2077 914 2105 auct.
940 2073 985 2106 cl.
1009 2073 1099 2104 VlII
1124 2074 1166 2104 98
1199 2073 1382 2112 ‘carisa,
1411 2083 1491 2110 sae,
1520 2073 1546 2105 ἱ.
1573 2077 1681 2104 uetus
1705 2073 1789 2104 lena

269 2124 305 2150 et
328 2119 508 2160 litigiosa,
534 2118 627 2149 unde
646 2123 682 2150 ct
700 2118 854 2150 fallaces
881 2118 1034 2149 ancillae
1054 2118 1196 2149 carisae
1221 2117 1407 2157 dicuntur,
1435 2119 1521 2158 quia
1545 2118 1703 2149 ueritate
1729 2128 1790 2149 ca-

269 2167 378 2196 rent.’
419 2164 530 2206 gloss.
554 2163 676 2195 Vatia.
703 2163 791 2197 ibid.
817 2165 866 2195 VI
883 2165 956 2194 ,514
981 2163 1143 2194 ‘carisa
1173 2163 1258 2194 lena
1291 2170 1346 2194 est
1377 2163 1500 2204 dupla'
1527 2160 1699 2203 (‘uetula’
1726 2166 1790 2194 aut

271 2209 428 2242 ‘dolosa’
454 2207 752 2249 Hildebrandus).
778 2208 888 2250 gloss
914 2208 1046 2239 Isidori
1072 2208 1277 2247 ‘carissa,
1311 2207 1395 2239 lena
1420 2212 1526 2239 uetus
1553 2211 1589 2238 et
1614 2207 1788 2249 litigiosa,

271 2255 407 2287 ancilla
433 2254 559 2286 dolosa
585 2254 730 2286 fallax.’
824 2254 910 2285 XIX
937 2254 1071 2285 Festus
1098 2264 1133 2294 p.
1160 2255 1224 2285 313
1243 2253 1289 2284 Μ.
1317 2253 1585 2285 ‘strutheum
1611 2253 1646 2283 in
1673 2253 1790 2284 mimiS

270 2300 468 2342 praecipue
494 2302 628 2330 uocant
658 2300 851 2331 obscenam
879 2303 1017 2340 partem
1043 2298 1202 2338 uirilem,
1236 2308 1258 2329 a
1284 2298 1480 2330 salacitate
1506 2297 1683 2329 uidelicet
1708 2308 1790 2339 pas-

270 2346 380 2384 seris,
414 2345 476 2386 qui
507 2343 648 2376 Graece
679 2344 842 2375 struthos
872 2344 1033 2376 dicitur.’
1090 2343 1146 2374 Cf.
1171 2343 1282 2375 schol.
1314 2343 1478 2375 quenal.
1503 2343 1552 2374 VI
1577 2343 1630 2378 65,
1723 2342 1791 2374 XX

270 2391 408 2423 Seneca
435 2390 541 2431 epist.
559 2390 590 2421 V
615 2391 645 2428 6,
668 2391 708 2420 14
734 2389 931 2420 ‘dominum
957 2392 1096 2430 patrem
1115 2388 1279 2420 familiae
1299 2388 1594 2430 adpellauerunt’
1620 2387 1790 2429 (maiores

270 2434 411 2477 nostri),
439 2438 627 2474 ‘seruos‚
654 2434 746 2475 quod
773 2435 882 2466 etiam
906 2435 943 2465 in
969 2434 1088 2466 mimis
1113 2433 1233 2465 adhuc
1260 2433 1385 2473 durat,
1413 2433 1694 2465 familiares.’
1733 2432 1789 2464 Cf.

270 2481 482 2512 Macrobius
507 2479 581 2511 Sat.
608 2480 625 2511 I
652 2481 701 2517 11,
730 2481 783 2512 11.
892 2479 978 2511 XXI
1004 2478 1122 2510 Gloss.
1149 2478 1312 2520 Amplon.
1338 2480 1403 2511 339
1430 2479 1482 2510 ‘in
1509 2478 1614 2510 mimo
1641 2478 1789 2520 inglu-

269 2527 388 2566 uiae,
414 2525 507 2567 quod
532 2528 674 2556 tantum
691 2525 736 2556 ad
762 2527 946 2556 mimarios
964 2528 1000 2556 et
1022 2524 1291 2566 mimographos
1315 2524 1503 2565 pe1·tinet.’
1596 2522 1702 2554 XXII
1725 2523 1792 2554 Isi-

271 2571 348 2602 dori
374 2571 483 2612 gloss.
510 2571 816 2612 ‘monopticus,
843 2571 1056 2602 minum..)
1104 2570 1256 2600 mimus
1283 2569 1553 2610 thymelicus
1572 2568 1675 2600 Voss.

270 2616 394 2648 XXIlI
420 2615 564 2647 Placidi
594 2615 642 2656 gl.
674 2616 711 2646 in
737 2618 778 2649 A.
803 2616 878 2646 Mai
911 2618 1005 2646 auct.
1038 2614 1082 2647 cl.
1108 2615 1158 2646 VI
1189 2615 1253 2646 561
1281 2613 1576 2651 ‘exodiarius,
1608 2613 1646 2643 in
1672 2612 1788 2644 mimis

271 2661 458 2703 turpitudo
485 2659 743 2692 delectabilis.’
836 2659 954 2691 XXIV
979 2659 1111 2691 Isidori
1135 2659 1181 2701 gl.
1211 2650 1478 2700 τΡοᾶίεἶΐίηε,
1509 2659 1605 2690 inter
1634 2658 1788 2689 mimos.’

361 2706 461 2738 XXV
486 2704 608 2737 Gloss.
641 2706 758 2738 Vatic.
789 2705 827 2736 in
856 2707 899 2739 A.
926 2705 1003 2736 Mai
1035 2706 1132 2736 auct.
1165 2704 1209 2735 cl.
1244 2704 1291 2735 VI
1321 2705 1386 2736 532
1419 2703 1605 2743 ‘ludosi,
1638 2703 1789 2734 mimosi.

270 2751 418 2792 ludos,
443 2751 598 2782 mimos.’

386 2871 436 2909 11
467 2876 568 2907 eatae
597 2870 731 2907 carisae
764 2870 1060 2908 Hildebrcmclus.
1122 2870 1179 2906 An
1198 2868 1289 2906 'cata
1318 2867 1492 2906 carisula?
