2023 3287
282 239 350 285 ¹cx
879 235 944 272 AD
974 235 1212 272 TRAeicos

405 347 534 402 Leve,
576 346 648 388 sed
687 360 774 387 non
813 346 988 399 rectius,
1034 345 1068 385 si
1112 345 1212 399 quid
1251 345 1406 399 sentio,
1448 347 1513 387 est
1552 345 1663 400 quod
1703 346 1816 400 apud

289 419 464 460 Accium
498 433 534 459 v.
556 418 611 459 80
638 418 897 470 anapaestos
929 416 1038 456 tales
1071 430 1092 455 0
1124 416 1293 464 deiram,
1326 432 1346 457 O
1377 416 1680 470 lcosz‘ifi‘czcmqne
1711 419 1817 459 diem

288 505 321 531 e.
354 505 391 543 q.
425 504 455 530 s.
494 488 722 543 proposuit
762 502 931 542 censor,
975 488 1206 541 postquam
1238 501 1316 541 ego
1350 488 1394 528 in
1427 487 1705 529 adnotatione
1737 488 1816 529 hos

287 575 308 603 ο
340 562 552 613 (limumque
595 559 898 612 leostificnchoe
935 574 967 599 e.
1007 572 1043 612 q.
1084 574 1114 599 s.
1153 558 1566 599 commendaveram.
1628 573 1729 599 nam
1773 559 1818 600 in

287 631 595 672 interiectionis
633 646 653 671 ο
691 620 945 684 repetitione
991 629 1083 683 quis
1124 629 1413 683 copulativam
1451 643 1524 682 qne
1560 629 1817 684 particulam

288 703 413 743 alteri
444 702 636 743 membro
672 701 862 742 additam
893 700 1131 741 tolerabit?

405 773 648 813 Ridiculum
691 786 824 825 prope
865 771 976 824 quod
1015 772 1233 824 receptam
1273 771 1386 825 apud
1424 771 1603 812 eundem
1640 770 1818 812 Accium

287 860 324 886 v.
362 844 442 885 179
464 845 657 894 Froeffi'ac
688 842 874 882 formam
907 844 1105 895 correpta
1138 841 1308 894 quidem
1340 842 1609 897 diphthongo
1642 843 1817 884 metien-

289 915 387 956 dam
423 915 517 956 ideo
550 913 815 968 reprobavit,
854 913 966 967 quod
1003 913 1215 953 Amoeeztm
1252 911 1439 954 Palatini
1478 914 1735 967 scripturam
1773 913 1819 954 in

288 986 471 1041 Vergilii
514 985 619 1026 Aen.
657 983 742 1025 XII
780 984 864 1025 509
910 986 1077 1025 textum
1120 998 1208 1024 non
1251 984 1519 1037 recepissem.
1582 984 1706 1038 quasi
1745 986 1819 1025 aut

288 1057 565 1098 refutavisset
615 1056 745 1096 homo
792 1055 941 1096 doctus
988 1053 1101 1108 quod
1139 1054 1242 1095 olim
1286 1054 1382 1094 aliis
1427 1055 1628 1110 probavi,
1677 1055 1819 1108 ipsum

288 1128 468 1169 Accium
495 1142 537 1168 oc
569 1126 886 1181 diphthongum
918 1141 996 1180 pro
1018 1124 1183 1166 Graeca
1209 1128 1245 1165 Y
1272 1125 1316 1165 in
1342 1125 1464 1167 libris
1487 1126 1574 1167 suis
1596 1126 1818 1180 scripsisse

289 1202 364 1241 aut
382 1199 626 1254 Vergilium
657 1197 873 1239 docuisset
906 1197 1093 1238 eiusdem
1114 1195 1454 1251 consuetudinis,
1487 1211 1595 1250 quae
1615 1197 1660 1238 in
1678 1197 1818 1251 plebis

290 1286 361 1313 ore
393 1269 617 1325 remansit,
651 1271 908 1310 sectatorem
939 1268 1084 1309 fuisse.
1740 1320 1746 1323 ⁵

406 1341 570 1382 Pusilla
602 1340 842 1395 diligentia,
877 1340 950 1380 sed
981 1354 1077 1381 vere
1109 1338 1294 1381 fortasse
1327 1339 1496 1380 monuit
1524 1340 1650 1381 sczcscz'
1683 1339 1815 1394 scrip-

288 1416 432 1455 turam
464 1411 583 1469 (nam
613 1411 696 1453 1100
728 1426 825 1451 eum
852 1410 1039 1452 voluisse
1073 1408 1256 1466 conicio)
1282 1410 1417 1450 latere
1438 1410 1483 1450 in
1501 1411 1628 1452 saesic
1646 1410 1818 1464 litteris,

288 1485 362 1525 ubi
402 1484 448 1525 in
483 1485 605 1524 textu
642 1481 819 1523 Pacuvii
858 1497 895 1523 v.
931 1482 981 1522 11
1021 1486 1110 1522 scaci
1148 1480 1352 1521 nimirum
1397 1481 1558 1522 editum
1604 1483 1680 1522 est.
1744 1481 1818 1522 sed

287 1555 395 1597 illud
425 1555 702 1609 potissimum
732 1554 907 1607 poetam
938 1552 1162 1606 reliquisse
1196 1552 1289 1606 quis
1324 1552 1562 1606 spondeat?

407 1626 467 1667 At
499 1625 720 1667 verissime
758 1623 1011 1678 typothetae
1045 1638 1233 1664 errorem
1267 1623 1470 1678 correxit,
1503 1638 1585 1677 quo
1619 1623 1664 1664 in
1689 1622 1821 1664 Ennii

288 1713 327 1740 v.
365 1698 451 1739 280
495 1697 619 1738 claret
662 1710 911 1750 expressum
956 1696 1043 1749 est,
1098 1709 1193 1735 cum
1237 1694 1362 1736 claret
1404 1694 1597 1735 senarius
1641 1693 1820 1748 flagitet.

289 1768 519 1811 temeraria
550 1770 696 1808 tamen
728 1769 771 1807 et
803 1768 949 1820 aperte
981 1765 1092 1807 falsa
1126 1766 1372 1808 coniectura
1404 1766 1449 1806 in
1467 1764 1599 1806 Nonii
1619 1765 1819 1805 lemmate

283 1838 419 1883 ‘clara
462 1841 539 1882 sit’
584 1854 662 1894 pro
695 1837 855 1879 tradito
897 1837 982 1879 ‘est’
1023 1838 1153 1879 scribi
1196 1837 1335 1878 iussit.
1394 1837 1477 1878 hoc
1520 1836 1662 1890 ipsum
1707 1835 1820 1876 enim

290 1913 455 1953 duobus
488 1910 694 1964 exemplis
727 1910 911 1964 probare
943 1908 1081 1950 voluit
1100 1906 1286 1963 Nonius,
1318 1909 1443 1949 claret
1473 1909 1515 1948 et
1541 1906 1819 1948 indicativum

290 1998 383 2025 esse
416 1986 459 2024 et
490 1981 826 2023 coniunctivum:
861 1982 986 2033 atque
1019 1979 1277 2021 indicativus
1311 1994 1335 2019 a
1367 1978 1554 2020 clarendi
1580 1978 1711 2020 verbo
1733 1992 1818 2018 cer-

289 2055 482 2096 tissimus
521 2056 587 2094 est
619 2053 663 2093 in
695 2052 878 2106 Turpilii
909 2067 946 2092 v.
984 2051 1083 2105 152,
1122 2051 1440 2092 coniunctivum
1476 2050 1522 2091 in
1552 2048 1684 2090 Ennii
1724 2049 1818 2090 loco

293 2126 578 2181 agnoscimus.
641 2137 742 2178 ergo
777 2122 1049 2163 servandum:
1081 2120 1252 2176 ‘claret,
1292 2122 1406 2162 clara
1439 2123 1504 2162 est
1535 2120 1602 2162 vel
1635 2119 1818 2161 clareat?

408 2196 675 2237 Restitutum
706 2195 935 2235 verborum
968 2193 1159 2235 ordinem
1190 2193 1235 2233 in
1255 2192 1429 2234 Pacuvii
1454 2194 1590 2246 praet.
1616 2192 1660 2246 4,
1694 2205 1820 2246 quem

290 2268 433 2309 nescio
474 2283 556 2321 quo
596 2266 828 2307 memoriae
867 2266 993 2319 lapsu
1024 2264 1287 2305 Buechelero
1320 2263 1465 2304 deberi
1499 2263 1819 2315 adnotaveram,

290 2334 565 2381 Fleckeiseno
605 2336 741 2394 (misc.
780 2337 872 2378 crit.
910 2335 987 2392 42)
1028 2336 1181 2376 merito
1220 2334 1488 2388 vindicavit3„
1517 2336 1644 2387 atque
1689 2332 1820 2374 etiam

293 2412 507 2454 Gulielmia'
544 2424 701 2452 nomen
745 2409 916 2462 saepius
958 2414 968 2449 i
1007 2407 1145 2448 vocali
1182 2421 1270 2448 non
1309 2421 1384 2447 suo
1423 2406 1518 2447 loco
1551 2406 1651 2459 post
1683 2404 1713 2458 l,
1746 2401 1820 2444 sed

291 2486 392 2538 post
424 2500 449 2524 zo
481 2496 684 2537 expressa
716 2481 838 2522 docte
872 2479 1115 2534 castigavit.

409 2555 525 2596 Vera
569 2556 611 2594 et
654 2552 803 2608 gravia
846 2551 1130 2592 frustulorum
1167 2549 1346 2591 vulnera
1382 2547 1591 2589 medicam
1628 2544 1818 2587 censoris

291 2641 466 2668 manum
497 2627 673 2679 experta
702 2639 791 2665 non
823 2625 932 2664 sunt.

410 2698 470 2738 At
500 2697 641 2738 hercle
669 2695 775 2736 mihi
806 2694 894 2735 fere
926 2694 1019 2747 ipse
1053 2692 1308 2747 subirascor,
1342 2689 1454 2744 quod
1485 2704 1536 2730 ex
1567 2687 1820 2741 leolphi

292 2770 444 2823 Ellis,
476 2769 556 2810 viri
582 2766 901 2820 humanissimi,
934 2765 1006 2819 qui
1030 2765 1075 2805 in
1094 2763 1327 2805 Academia
1354 2761 1664 2802 Britannorum
1693 2758 1818 2813 ephe-

293 2840 451 2882 meride
479 2854 589 2880 anno
620 2839 732 2881 1872
760 2853 801 2892 p.
826 2838 905 2878 177
929 2850 1019 2891 sqq.
1039 2834 1268 2877 admodum
1287 2833 1499 2874 urbanum
1520 2830 1569 2872 de
1589 2830 1701 2871 libro
1722 2843 1817 2870 meo

293 2911 495 2954 iudicium
526 2911 642 2966 tulit,
673 2910 836 2951 fructus
870 2923 976 2963 quos
1008 2907 1162 2949 vellem
1187 2905 1406 2960 percipere
1426 2902 1582 2943 nescio.
1632 2900 1819 2943 Videant
