2023 3287
286 243 403 281 CXIV
883 242 947 278 AD
977 241 1215 279 TRAGICOS

402 353 528 395 Falso
577 366 601 393 a
643 365 685 393 se
726 367 763 393 v.
805 352 860 393 32
903 353 945 392 et
986 351 1042 393 25
1084 366 1143 406 sq.
1185 351 1483 407 conglutinata
1522 348 1656 392 fuisse
1695 365 1808 393 nunc

286 424 439 465 saltem
477 423 692 465 intellexit
729 423 841 464 idem
878 422 904 463 1.
942 422 986 478 1.,
1024 425 1169 463 tamen
1206 424 1248 463 et
1281 422 1526 463 octonarios
1564 422 1809 464 trochaicos

283 496 440 536 retinet
460 497 502 535 et
522 495 679 536 mirum
699 493 815 534 istud
833 494 879 535 in
900 494 1016 534 taeda
1031 490 1138 549 (sive
1154 491 1318 549 taecleesss)
1334 494 1494 547 adsum,
1513 507 1599 533 non
1620 493 1808 534 animad-

283 567 453 607 vertens
485 565 709 606 taedarum
723 578 982 623 *expressam
1010 564 1272 605 mentionem
1291 578 1417 605 versu
1438 563 1608 604 demum
1629 564 1683 605 28
1704 564 1810 604 fieri.

403 636 459 677 30
491 649 632 677 areum
670 638 864 676 auratum
903 635 1021 676 lauat
1058 635 1181 676 nixus
1214 631 1300 689 (vel
1330 634 1501 675 imaioeus
1533 632 1670 690 lunate>
1696 633 1809 675 idem

283 706 370 748 285
403 722 427 747 a
458 720 559 748 vero
593 706 809 747 aberrans.

404 777 460 818 34
492 777 650 818 abludit
679 776 901 819 Vertranii
941 776 1229 817 coniecturam
1262 775 1534 817 commendat
1564 774 1809 830 Madvigius

284 847 462 888 Advers.
494 847 537 888 II
579 848 679 897 171,
719 861 844 900 quem
882 845 996 899 fugit
1032 846 1083 887 ab
1121 846 1228 888 ludis
1260 880 1267 887 .
1294 879 1302 887 .
1334 849 1581 900 expectantes
1617 847 1810 888 nuntium

285 917 582 972 coniungenda
614 932 718 958 esse.

400 989 458 1030 40
488 988 669 1042 υίφῃῖῖηαῑ
692 988 886 1029 modestia
905 986 1159 1041 turpissima
1182 986 1449 1040 amphibolia
1468 987 1658 1029 Ennium
1679 988 1808 1029 dona-

283 1059 347 1100 vit
378 1059 590 1114 Bergkius
622 1059 776 1100 Philol.
807 1056 995 1098 XXXIII
1026 1057 1124 1098 255.

402 1130 458 1171 55
490 1129 717 1171 Traditum
754 1130 955 1170 iudicauit
992 1127 1277 1169 Buechelerus
1309 1128 1336 1168 l.
1373 1128 1399 1168 1.
1425 1128 1523 1169 477.
1583 1128 1810 1171 Dracontii

283 1202 539 1243 auctoritate
577 1200 784 1253 firmavit,
824 1199 896 1253 qui
934 1200 979 1240 in
1009 1213 1145 1253 nuper
1176 1200 1347 1252 reperto
1382 1198 1431 1239 de
1464 1202 1591 1254 raptu
1621 1199 1810 1241 Helenae

283 1272 468 1314 carmine
505 1271 673 1312 Paridis
717 1270 939 1324 iudicium,
982 1271 1031 1310 ut
1075 1270 1206 1310 etiam
1243 1270 1288 1310 in
1325 1268 1551 1324 tragoedia
1588 1271 1693 1325 fingi
1731 1286 1811 1325 par

283 1344 391 1397 erat,
425 1344 522 1384 ante
555 1340 822 1383 Cassandrae
854 1340 1060 1381 vaticinia
1091 1340 1253 1381 factum
1286 1354 1377 1381 esse
1410 1343 1570 1381 narrat.

400 1412 500 1455 Non
544 1413 836 1454 concluseram
874 1411 1150 1452 distinctione
1190 1412 1447 1452 sententiam
1484 1412 1529 1452 in
1566 1427 1603 1452 v.
1644 1413 1698 1453 73
1738 1427 1809 1467 sq„

282 1485 481 1539 copulare
523 1485 667 1525 autem
708 1483 753 1524 in
792 1482 907 1523 binis
950 1482 1189 1523 secundarii
1230 1482 1442 1523 enuntiati
1485 1497 1509 1522 a
1549 1483 1702 1524 vocula
1739 1484 1811 1525 ube?

281 1555 507 1610 pendentis
552 1554 757 1595 membris
803 1552 970 1593 diversa
1013 1555 1211 1606 tempora
1252 1552 1489 1606 perfectum
1528 1554 1570 1592 et
1606 1567 1809 1606 praesens

282 1641 356 1668 cur
374 1625 517 1667 Ennio
550 1625 690 1666 minus
722 1624 895 1665 licuerit
927 1637 1054 1677 quam
1074 1622 1219 1678 Accio,
1253 1623 1325 1677 qui
1356 1638 1394 1664 v.
1415 1622 1471 1664 54
1493 1637 1552 1677 sq.
1572 1624 1809 1676 perfectum

282 1698 325 1738 et
360 1694 828 1751 plusquamperfectum
867 1693 1138 1748 composuit?
1177 1695 1411 1748 notumque
1449 1694 1663 1735 tironibus
1703 1710 1809 1749 quae

282 1768 457 1809 omnino
495 1766 623 1807 latini
663 1766 872 1807 sermonis
911 1766 956 1806 in
993 1765 1075 1806 hoc
1108 1779 1261 1820 genere
1293 1765 1471 1805 libertas
1503 1764 1645 1805 fuerit.
1706 1779 1808 1820 ergo

279 1841 440 1880 temere
472 1837 693 1879 Baehrens
726 1836 752 1877 1.
784 1837 810 1878 l.
834 1850 1013 1890 puerum
1044 1836 1106 1877 uti
1137 1836 1315 1877 lacerent
1345 1836 1585 1889 proposuit.

400 1909 467 1951 Ex
500 1908 665 1950 cantico
699 1906 1029 1949 Andromachae
1061 1922 1098 1948 v.
1120 1907 1175 1948 83
1202 1903 1308 1947 rvidi
1341 1920 1419 1961 ego
1451 1908 1495 1946 te
1528 1907 1696 1948 astante
1729 1921 1809 1962 ope

281 1980 538 2034 barbaricass
572 1979 626 2020 86
653 1974 777 2019 ‘haec
810 1977 955 2019 omnia
980 1977 1122 2032 videi’,
1155 1977 1209 2018 89
1237 1973 1306 2018 ‘ex
1332 1977 1486 2031 opibus
1514 1977 1693 2019 summis
1714 1978 1808 2032 opis

284 2065 411 2107 egens
458 2050 513 2091 H.
556 2048 685 2103 tuae',
735 2048 789 2089 91
824 2044 947 2102 ‘vidi7
974 2047 1149 2095 ,videre’
1184 2061 1216 2087 e.
1256 2062 1292 2101 q.
1332 2063 1363 2089 s.
1401 2048 1588 2089 colorem
1624 2049 1808 2090 traxisse

281 2122 451 2164 videtur
469 2120 646 2162 Porcius
667 2119 798 2160 Latro
831 2120 877 2160 in
908 2118 1297 2160 controversiarum
1318 2116 1501 2159 Senecae
1523 2118 1566 2159 H
1595 2120 1616 2160 1
1650 2135 1690 2173 p.
1715 2119 1809 2175 153,

286 2194 337 2234 19
381 2207 469 2247 sqq.
508 2191 561 2232 K.
601 2186 705 2231 ‘vich'
751 2204 818 2244 090
866 2189 1013 2244 magni
1061 2188 1271 2230 exercitus
1317 2188 1467 2229 ducem
1508 2189 1599 2230 sine
1641 2191 1810 2245 comite,

281 2263 539 2318 fugientem,
575 2262 660 2304 vicli
790 2260 943 2301 limina
981 2260 1152 2301 deserta
1183 2292 1191 2300 .
1212 2292 1220 2300 .
1242 2293 1250 2301 .
1281 2275 1382 2301 nam
1421 2260 1522 2314 quid
1559 2275 1609 2303 ex
1637 2263 1810 2303 smmnis

283 2333 423 2386 opibus
453 2333 510 2373 ad
538 2335 746 2383 eyestatem
780 2331 1003 2373 devolutos
1036 2329 1234 2385 loquar‘?’

401 2404 456 2445 98
491 2417 550 2456 sq.
589 2401 729 2443 Multa
759 2402 922 2443 frustra
954 2402 1161 2443 ariolatus
1192 2401 1404 2456 Bergkius
1436 2401 1590 2444 Philol.
1622 2402 1809 2444 XXXIII

284 2474 367 2515 289
401 2472 672 2515 commendat
703 2472 809 2514 haec

429 2542 536 2585 fssiis
569 2545 747 2597 propter
777 2545 820 2583 te
854 2543 1023 2584 obiecta
1055 2557 1149 2584 sum
1180 2543 1382 2585 innocens
1416 2543 1658 2586 Nereidibus

283 2614 497 2654 sententia
518 2652 520 2654 ,
541 2613 704 2668 inepta,
748 2628 942 2655 sermone
987 2614 1059 2655 vix
1102 2612 1271 2656 Latino.
1345 2614 1464 2655 Idem
1508 2615 1552 2656 in
1595 2613 1806 2666 Priscianl

284 2684 377 2725 loco
417 2684 569 2726 inscite
608 2686 829 2740 grassatus
866 2699 1026 2726 novum
1064 2684 1253 2726 eiusdem
1285 2684 1456 2726 fabulae
1488 2684 1673 2726 frustum
1704 2701 1806 2739 quae

286 2755 381 2796 tales
411 2759 470 2797 est
494 2757 633 2808 quatis
664 2759 800 2797 tamen
829 2756 898 2797 vel
923 2770 1054 2808 quaen
1080 2756 1193 2797 talist
1212 2756 1414 2809 ynatabus
1440 2756 1528 2797 suis
1552 2758 1808 2813 procreavit,

285 2825 437 2877 quibus
471 2825 521 2865 de
552 2826 678 2880 nugis
710 2826 915 2868 iudicium
948 2826 1053 2867 alibi
1082 2826 1174 2867 tuli.

406 2896 484 2935 101
521 2899 746 2949 ΐοηοονανεὲ
775 2896 987 2952 Bergkius
1020 2911 1061 2950 p.
1093 2897 1195 2950 289,
1226 2898 1398 2937 temere.
