2023 3287
717 232 971 264 CAECILIVS
997 232 1196 264 STATIVS
1656 229 1712 269 45

865 335 925 376 VI
958 334 1024 390 (fi)

1036 410 1137 464 quid
1170 411 1249 451 tibi
1281 410 1507 464 aucupatio
1541 412 1605 450 est

305 487 631 542 'Argumentum
664 490 737 528 aut
776 487 825 527 (lev
865 502 958 527 meo
992 502 1135 527 amore
1174 487 1436 527 ue'rbificatio
1470 487 1534 527 est
1571 486 1710 540 patri?

839 579 1066 621 ΠΥΜΝιὴ1

893 656 904 696 ¹
941 656 1005 710 (7)

1316 715 1448 755 habes

213 793 268 833 (35
300 792 553 833 Miletidam:
593 805 672 846 ego
708 791 825 831 illam
856 790 955 831 huic
989 790 1280 844 (lespondebo,
1313 793 1355 830 et
1387 790 1518 844 gnato
1553 791 1709 830 saltum

1034 865 1257 920 obssl‘iiain.

303 1019 459 1062 Desine
492 1020 742 1073 blanditiae,
776 1018 929 1075 [nugas
961 1016 1179 1073 blateras,]
1215 1017 1324 1058 nihil
1359 1019 1447 1070 agit

307 1098 352 1138 ln
385 1098 527 1137 aiiu'ire
560 1097 761 1137 inermus.

186 1221 236 1252 VI
262 1221 429 1251 Donatus
463 1220 499 1250 in
525 1219 606 1251 Ter.
634 1228 714 1253 eun.
740 1219 803 1258 IV,
827 1220 859 1257 4,
885 1220 907 1250 4
933 1217 1033 1259 ‘quid
1059 1218 1175 1249 uestis
1200 1214 1393 1259 mutatio‘?]
1420 1218 1472 1248 sic
1499 1220 1711 1251 ueteres...

187 1264 373 1296 Caecilius
399 1261 658 1307 ἁρπαζομὲνῃ;
692 1263 791 1304 quid’
819 1274 848 1298 e.
876 1274 906 1304 q.
933 1272 960 1294 s.
1010 1260 1208 1305 (Caelius
1236 1261 1289 1296 ed.
1314 1261 1408 1293 Med.
1440 1261 1593 1293 Celius
1626 1263 1712 1296 Par,

186 1309 302 1351 Lugd.
330 1309 473 1349 Dresd„
502 1308 580 1339 edd.
610 1309 709 1340 Rom.
740 1308 846 1339 Vind.
878 1308 988 1339 Taru.
1105 1302 1417 1350 ἆρπαζομένῃ]
1451 1307 1493 1337 in
1527 1334 1534 1341 .
1559 1332 1567 1339 .
1593 1331 1598 1338 .
1631 1307 1713 1339 Par.

187 1354 303 1395 Lugd.
322 1354 466 1394 Dresd,
494 1354 579 1384 item
598 1352 731 1384 lacuna
750 1352 984 1394 interposita,
1010 1351 1073 1383 sed
1098 1362 1165 1382 om.
1192 1352 1236 1382 in
1263 1351 1342 1383 edd.
1360 1352 1462 1385 Rom.
1481 1351 1581 1383 Vind.
1604 1351 1713 1383 Tarii.

186 1397 295 1439 Med.)

276 1443 427 1475 HYMNIS
460 1442 517 1474 uel
550 1443 718 1474 vams
752 1441 1004 1483 (Menandri'f)
1060 1441 1288 1473 Meretricem
1320 1440 1504 1481 Hymnida
1534 1451 1600 1472 suo
1630 1451 1712 1473 aere

187 1493 343 1530 emptam
375 1498 486 1519 senex
518 1491 623 1529 pater
657 1487 723 1519 alii
755 1487 1001 1529 desponsurus
1033 1490 1106 1527 est,
1141 1489 1181 1517 ut
1207 1487 1345 1517 amanti
1376 1485 1449 1517 filio
1479 1495 1578 1527 spem
1604 1486 1714 1517 inter-

187 1532 328 1573 cludat,
362 1533 404 1566 fr.
430 1533 458 1565 1.
506 1532 634 1574 Itaque
664 1531 877 1574 deprecanti
904 1531 1131 1563 adulescenti
1162 1530 1246 1562 leno
1273 1530 1314 1562 fr
1342 1531 1376 1562 II
1400 1530 1610 1571 respondet.
1659 1531 1713 1562 De

189 1578 439 1619 disputatione
459 1578 554 1609 inter
573 1577 845 1609 adulescentem
873 1580 909 1608 et
934 1586 1077 1608 senium
1103 1578 1220 1607 restat
1244 1575 1288 1607 fr.
1306 1575 1372 1607 III.
1415 1575 1715 1617 Philosophantis

189 1632 281 1654 emm
309 1624 346 1653 in
371 1622 536 1653 maximis
563 1631 680 1653 rerum
698 1622 879 1664 angustiis
905 1622 1003 1653 serui
1028 1621 1210 1653 inscitiam
1230 1620 1414 1661 inpatiens
1432 1619 1493 1651 ille
1519 1620 1714 1661 reprehen-

187 1667 256 1708 dit,
294 1667 354 1698 hic
391 1669 513 1698 autem
543 1666 705 1698 inridens
738 1666 899 1708 quaerit,
932 1665 1016 1707 quid
1047 1666 1085 1696 ni
1115 1665 1212 1706 ipse,
1246 1674 1325 1696 cum
1357 1665 1411 1695 ita
1443 1665 1624 1696 animatus
1656 1666 1714 1704 sit,

189 1692 311 1753 glallio
343 1711 463 1752 potius
495 1712 531 1742 in
562 1711 765 1742 feruentem
796 1710 898 1742 illam
929 1714 1086 1742 seutiam
1118 1711 1254 1743 inruat.
1302 1709 1346 1741 Ni
1377 1710 1503 1740 mirum
1538 1709 1715 1741 uiolentia

189 1756 281 1787 nihil
306 1756 367 1787 hic
393 1756 532 1797 profici.
581 1756 692 1787 Porro
720 1759 861 1787 as‘otum
888 1755 1160 1787 adulescentem
1188 1753 1294 1785 audis
1328 1754 1371 1785 fr.
1398 1754 1447 1785 IV
1472 1753 1522 1785 VI
1548 1754 1628 1794 VII,
1654 1764 1715 1795 pa—

189 1805 278 1832 trem
305 1803 426 1832 autem
452 1801 495 1831 fr.
521 1800 617 1832 VIII.
713 1801 729 1831 Ι
755 1800 951 1832 Diomedes
977 1810 1010 1841 p.
1029 1801 1094 1832 378
1111 1799 1150 1830 P.
1177 1799 1287 1840 ‘quod
1312 1798 1421 1840 uulgo
1447 1799 1599 1840 obsepio
1624 1798 1712 1830 dici-

188 1855 284 1886 mus,
311 1847 457 1876 ueteres
483 1845 658 1886 obsipio
685 1845 866 1879 dixerunt.
914 1844 1099 1875 Caecilius
1124 1845 1161 1875 in
1186 1843 1387 1884 Hymnide:
1414 1843 1544 1874 liabes'
1571 1855 1601 1875 e.
1629 1854 1660 1883 q.
1688 1853 1714 1878 s,

189 1889 400 1929 (cecilius
419 1890 500 1923 Par.
520 1890 548 1920 B
567 1891 709 1922 Monac.
763 1890 815 1920 im
833 1889 1040 1930 hymnida
1064 1889 1145 1920 Par.
1163 1889 1193 1919 A
1211 1892 1263 1927 et,
1290 1888 1362 1919 nisi
1380 1888 1473 1929 quod
1491 1888 1552 1927 in,
1569 1889 1713 1919 Monac.

188 1935 272 1968 Par.
297 1935 325 1965 B
352 1936 405 1965 im
431 1934 629 1976 hymnita
653 1934 730 1967 cod.
758 1934 936 1976 Scioppii,
968 1944 1034 1966 om.
1062 1933 1142 1965 edd.
1167 1931 1275 1975 uett.)
1373 1932 1410 1963 II
1434 1931 1574 1964 Nonius
1604 1935 1663 1973 79,
1696 1934 1713 1964 1

190 1979 453 2016 ‘blaterare,
480 1978 688 2021 confingere
715 1989 779 2020 per
804 1979 1008 2011 mendacia.
1055 1978 1228 2010 Afranius
1247 2002 1255 2010 .
1273 2002 1280 2009 .
1299 2002 1307 2009 .
1327 1977 1510 2009 blaterare
1530 2001 1537 2009 .
1556 2004 1561 2010 .
1581 2001 1589 2009 .
1616 1977 1714 2009 idem

303 2097 354 2134 62
387 2097 471 2144 quid
501 2096 564 2133 tihi
595 2109 673 2133 una
705 2108 789 2133 cum
816 2097 978 2144 fabulae
1008 2098 1157 2133 nomine
1185 2098 1329 2133 lacuna
1366 2098 1558 2132 intercidit
1588 2098 1625 2132 in
1657 2098 1715 2133 ed.

189 2154 288 2190 Med.
414 2154 574 2201 acceptio
611 2154 705 2189 Par.
737 2153 856 2201 Luyd.
889 2153 1026 2189 Dresd.
1141 2158 1196 2188 est
1234 2164 1303 2189 om.
1341 2153 1422 2188 edd.
1455 2152 1564 2189 Rom.
1609 2153 1715 2189 Vind.

194 2210 310 2245 Taru.
437 2209 488 2246 63
520 2210 723 2257 argumenti
761 2209 855 2246 Par.
895 2209 1029 2257 Luycl.‚
1069 2210 1126 2244 ed.
1167 2209 1284 2245 Taru.
1344 2209 1585 2244 adiumentum
1621 2212 1714 2245 miro

191 2269 395 2301 commento
432 2264 589 2311 Maelzly
618 2267 642 2301 l.
673 2267 699 2301 l.
730 2269 982 2313 argumentum
1011 2275 1095 2312 qen.
1123 2266 1230 2311 plur.
1265 2275 1346 2301 esse
1386 2275 1462 2301 non
1492 2267 1716 2313 intelleyens

303 2316 377 2369 aut]
411 2326 449 2356 ut
479 2322 536 2356 ed.
559 2321 660 2357 Med.
778 2331 856 2356 meo
889 2333 958 2357 om.
982 2321 1117 2366 Gand„
1149 2322 1230 2357 edd.
1256 2322 1363 2357 Rom.
1397 2320 1504 2356 Vincl.
1531 2321 1648 2357 Taru.

122 2418 126 2423 ,
192 2376 386 2412 uei-ilicatio
419 2377 475 2412 ed.
501 2377 601 2412 Med.
633 2375 815 2412 uerificato
853 2378 935 2412 edd.
967 2378 1075 2413 Rom.
1119 2377 1225 2413 Vind.
1269 2377 1387 2413 Tarzc.
1524 2376 1574 2413 64
1606 2376 1713 2412 habes

191 2433 286 2468 Par.
321 2432 354 2467 A
385 2432 550 2478 Monac„
582 2433 677 2468 Par.
712 2432 748 2467 B
777 2445 825 2468 m.
858 2432 904 2478 2,
936 2434 1018 2469 cod.
1053 2433 1226 2479 Sez'oppz'i
1253 2432 1436 2480 (loquitur
1466 2443 1550 2468 cum
1581 2435 1715 2469 lenone

191 2487 325 2535 senex)
364 2487 436 2523 aliis
476 2488 569 2524 Par.
603 2488 639 2522 B
669 2500 715 2524 m.
744 2500 822 2534 pr„
862 2500 930 2524 om.
972 2490 1055 2525 edd.
1095 2493 1184 2524 uelt.
1307 2488 1359 2525 65
1391 2488 1579 2523 Miletidam
1614 2489 1714 2531 libri,

193 2547 369 2589 seruaui,
402 2547 491 2591 quia
523 2555 655 2580 uerum
687 2555 770 2580 esse
797 2548 937 2590 potest.
981 2544 1135 2580 Miletida
1166 2545 1329 2581 Botlcius
1358 2544 1601 2579 mulierculam
1633 2545 1715 2580 edd.

193 2605 283 2637 uelt.
398 2599 621 2647 dispondebo
652 2600 746 2635 Par.
777 2599 813 2634 B
900 2606 934 2635 eL
965 2606 1048 2635 nato
1074 2599 1197 2647 (gnato
1221 2599 1458 2647 Spenqelius)
1480 2601 1592 2646 uulyo
1617 2605 1651 2634 et
1673 2610 1714 2635 ex

194 2662 276 2692 nato
299 2657 429 2704 Parr.‚
463 2657 543 2692 cod.
576 2656 745 2701 Scioppz'z'
764 2660 800 2691 et
830 2666 870 2690 ex
901 2661 1000 2691 tanto
1032 2656 1186 2691 Monac.
1218 2666 1260 2690 ex
1290 2661 1373 2691 nato
1405 2656 1487 2691 edd.
1511 2660 1599 2691 πιθα.

193 2711 322 2748 saltum
343 2712 460 2748 Parr.
484 2712 638 2748 Monac.
673 2717 748 2746 tum
768 2712 850 2747 cod.
875 2711 1044 2757 Sez'oppiz'
1072 2711 1196 2746 saltem
1219 2713 1300 2747 edd.
1325 2716 1414 2747 uett.
1533 2711 1584 2748 66
1616 2710 1715 2747 blan-

195 2767 299 2804 ditiae
318 2769 426 2804 libri:
456 2766 608 2803 blandiri
631 2768 795 2813 obuium,
817 2768 884 2803 sed
899 2778 1040 2812 parum
1059 2768 1272 2812 probabile.
1332 2766 1506 2802 blaterare
1529 2768 1629 2812 edd.‚
1649 2769 1718 2804 sed

194 2822 247 2869 cf.
269 2823 503 2860 Ritsclzelius
522 2824 626 2859 Prol.
658 2826 696 2859 in
722 2824 825 2859 Trin.
856 2835 894 2868 p.
920 2821 1096 2858 CCXCII
1113 2833 1166 2869 sq.
1229 2822 1380 2858 blau-are
1411 2833 1619 2869 syncopam
1640 2835 1713 2860 non

198 2879 470 2915 demonstrauit
494 2880 709 2926 Gepperlus
729 2881 774 2915 de
794 2884 976 2924 promant.
997 2891 1036 2925 p.
1062 2879 1113 2915 65
1180 2890 1293 2926 nugas
1309 2882 1389 2915 siue
1412 2879 1542 2913 frustra
1565 2878 1715 2914 blateras
