2023 3287
263 211 348 254 39ss
578 211 920 246 ANONYMORVM
949 212 1181 246 MIMORVM
1205 212 1469 253 RELIQVIAE

265 331 314 358 co
346 316 501 358 Accius
533 316 785 358 iniuriarum
818 316 919 372 agit.
956 316 1025 358 hic
1057 316 1165 358 nihil
1198 317 1312 358 aliud
1344 316 1535 358 defendit
1559 316 1643 357 nisi
1661 316 1786 357 licere

263 394 477 435 nominari
509 408 623 449 eum,
655 393 773 435 cuius
804 394 977 436 nomine
1011 394 1169 448 scripta
1201 393 1353 435 dentur
1386 393 1577 449 agenda?

1001 470 1043 511 II

383 547 528 591 Cicero
561 549 614 590 ad
645 549 744 590 fam.
777 547 840 588 IX
865 548 929 602 16,
956 548 978 588 7
1014 549 1143 589 ‘nunc
1173 548 1300 590 uenio
1334 548 1386 588 ad
1417 547 1653 589 iocationes
1678 548 1787 602 tuas,

265 626 468 681 quoniam
498 627 546 666 tu
584 625 816 667 secundum
849 624 1114 666 Oenomaum
1145 623 1248 666 Acci
1286 639 1376 666 non
1407 626 1455 665 ut
1487 624 1589 665 olim
1622 624 1787 665 solebat

263 702 528 757 Atellanam,
565 702 637 743 sed
674 704 723 743 ut
758 715 873 742 nunc
910 701 960 742 fit
996 701 1172 742 mimum
1209 701 1495 743 introduxisti.
1570 715 1695 755 quem
1739 703 1787 742 tu

262 780 367 821 mihi
410 779 663 834 pompilum,
708 793 833 833 quem
877 778 1098 819 denarium
1141 778 1320 819 narras‘.>
1367 792 1494 832 quam
1537 777 1808 834 tyrotarichi·

262 856 484 912 patinam?
533 856 739 897 facilitate
775 870 872 897 mea
908 856 992 896 ista
1021 855 1269 896 ferebantur
1301 856 1445 909 antea,
1476 868 1591 895 nunc
1623 855 1788 895 mutata

262 949 329 975 res
362 935 442 974 est:
473 932 663 974 Hirtium
695 946 774 988 ego
802 935 844 974 et
874 931 1144 974 Dolabellam
1177 931 1343 972 dicendi
1376 931 1604 985 discipulos
1637 930 1788 985 habeo,

264 1010 444 1052 cenandi
476 1010 705 1065 magistros
727 1043 735 1051 .
756 1043 764 1051 .
785 1043 794 1051 .
815 1042 823 1050 .
844 1009 957 1064 quod
989 1009 1023 1050 si
1055 1023 1303 1063 perseueras
1324 1022 1390 1049 me
1423 1008 1477 1049 ad
1508 1008 1656 1049 matris
1687 1009 1786 1049 tuae

263 1103 411 1130 cenam
430 1101 648 1141 reuocare,
678 1088 814 1128 feram
845 1086 888 1127 id
921 1100 1101 1140 quoque.
1149 1086 1248 1127 uolo
1270 1085 1384 1126 enim
1409 1085 1552 1126 uidere
1585 1084 1787 1139 animum,

264 1166 335 1220 qui
366 1165 472 1206 mihi
511 1164 665 1205 audeat
701 1165 785 1206 ista
817 1178 924 1218 quae
957 1163 1105 1204 scribis
1138 1163 1350 1217 adponere
1383 1164 1458 1203 aut
1489 1162 1617 1203 etiam
1648 1176 1785 1216 pom-

262 1243 420 1298 pilum
458 1242 662 1283 miniati
700 1241 844 1283 Iouis
884 1240 1113 1282 similem.
1147 1273 1184 1281 ..
1207 1273 1215 1281 .
1240 1241 1289 1280 tu
1320 1253 1422 1280 uero
1557 1239 1610 1280 ad
1647 1241 1786 1294 tyro-

261 1319 519 1361 tarichum
551 1319 775 1373 antiquum
806 1318 896 1359 redi
1059 1317 1160 1359 salis
1192 1316 1306 1357 enim
1331 1316 1435 1357 satis
1462 1319 1547 1371 est,
1580 1315 1786 1358 sannio-

262 1412 378 1438 num
409 1399 590 1451 parum.'
655 1394 718 1438 Of.
750 1394 865 1437 XIV.
995 1453 1061 1494 HI

381 1532 528 1575 Cicero
560 1531 669 1573 Phil.
700 1530 744 1572 Π
771 1531 840 1586 27,
861 1531 915 1572 66
950 1530 1011 1571 ‘in
1042 1530 1131 1571 eius
1163 1530 1296 1588 igitur
1326 1529 1409 1571 uiri
1440 1529 1583 1584 copias
1616 1544 1711 1570 cum
1743 1543 1787 1571 se

265 1610 406 1652 subito
439 1609 768 1665 ingurgitasset,
807 1608 1026 1650 exultabat
1064 1607 1238 1662 gaudio,
1274 1621 1493 1662 persona
1532 1606 1589 1647 de
1620 1606 1786 1648 mimo:

263 1687 408 1730 modo
442 1701 614 1742 egens,
645 1687 857 1741 repente
890 1685 1061 1726 diues.²

987 1761 1052 1804 IV

382 1841 530 1884 Cicero
562 1856 640 1896 pro
674 1839 817 1882 Caelio
845 1840 914 1894 27,
941 1839 997 1881 64
1029 1839 1163 1880 ‘uelut
1192 1838 1298 1879 haec
1329 1839 1422 1879 tota
1453 1837 1600 1878 fabula
1631 1836 1787 1877 ueteris

263 1921 306 1960 et
335 1919 615 1974 plurimarum
648 1918 890 1959 fabularum
920 1916 1110 1971 poetriae
1143 1931 1271 1970 quam
1303 1917 1367 1956 est
1399 1915 1488 1955 sine
1516 1915 1787 1969 argumento!

264 2011 392 2052 quam
423 1997 589 2037 nullum
620 1994 814 2037 inuenire
846 1994 1006 2034 exitum
1037 1993 1195 2048 potest!
1218 2025 1226 2034 .
1247 2025 1256 2033 .
1277 2025 1285 2033 .
1317 1991 1457 2033 inimi
1478 2004 1579 2046 ergo
1607 1993 1671 2032 est
1701 1991 1787 2031 iam

265 2126 323 2158 (Ο.
343 2125 492 2158 Caelius
508 2125 616 2156 iudex
635 2123 794 2156 absoluit
812 2123 1026 2154 iniuriarum
1045 2133 1137 2162 eum,
1156 2123 1217 2164 qui
1235 2122 1417 2153 Lucilium
1436 2124 1581 2162 poetam
1599 2121 1637 2152 in
1654 2130 1789 2152 scaena

264 2171 477 2203 nominatim
495 2171 674 2208 laeserat,
700 2171 741 2201 P.
759 2169 902 2200 Mucius
920 2178 1015 2207 eum,
1043 2169 1104 2209 qui
1122 2169 1164 2199 L.
1183 2168 1330 2199 Accium
1357 2170 1503 2208 poetam
1522 2166 1787 2206 nominauerat,

264 2216 544 2248 condemnauit.’
637 2215 672 2247 ΙΙ
691 2214 839 2256 Repe-tii
856 2213 983 2249 locum,
1002 2214 1169 2255 quamuis
1188 2222 1409 2254 magnopere
1427 2211 1588 2243 dubitem
1605 2221 1688 2242 num
1709 2221 1788 2243 cer-

264 2266 340 2294 tum
365 2263 510 2292 mimum
535 2260 738 2301 respexerit
763 2258 908 2290 Cicero:
934 2258 1039 2290 nihili
1065 2262 1121 2290 est
1146 2258 1328 2290 Krahueri
1353 2257 1559 2288 coniectura
1584 2257 1621 2287 in
1646 2256 1785 2297 ephem.

265 2308 381 2339 Marb.
408 2308 493 2339 1852
518 2317 552 2347 p.
571 2307 637 2337 306
656 2315 733 2346 sqq.
753 2304 916 2346 prolata,
944 2303 1184 2345 Popilium,
1211 2301 1788 2342 Denarium‚Tyr0ta1:ichi

265 2353 463 2394 patinam
489 2350 697 2383 exodiorum
724 2347 978 2392 (Accianorum
1006 2349 1132 2387 adens)
1158 2349 1303 2379 nomina
1329 2357 1420 2381 esse.
1471 2346 1640 2378 Ceterum
1667 2346 1713 2377 cf.
1742 2346 1788 2377 ad

265 2399 340 2428 Att.
365 2398 415 2429 IV
440 2397 503 2435 Sa,
532 2399 562 2430 1,
587 2395 672 2427 XIV
699 2396 750 2434 16,
780 2398 809 2426 1.
857 2393 1101 2436 pompilum
1125 2393 1283 2425 Rutilius
1309 2391 1420 2433 (idem
1438 2392 1536 2422 infra
1554 2391 1698 2433 scripsi,
1725 2391 1788 2422 11111

268 2442 479 2484 polypum
495 2440 607 2482 Med.)
634 2439 872 2482 popillium
890 2439 986 2471 Med.
1012 2439 1217 2481 polypum
1244 2437 1424 2469 Corradus
1450 2436 1676 2478 popellum
1695 2436 1788 2467 Bue-

267 2487 431 2519 chelerus
524 2486 812 2527 thynnarium
837 2485 1009 2516 Rutilius.
1058 2484 1169 2515 Immo
1187 2494 1232 2514 ne
1254 2493 1361 2514 unum
1388 2482 1531 2524 quidem
1558 2480 1788 2512 denarium

266 2543 304 2564 se
330 2533 367 2564 in
393 2531 465 2564 olla
489 2531 627 2562 habere
657 2530 882 2562 lamentatus
908 2533 987 2561 erat
1011 2530 1150 2560 Paetus
1177 2528 1239 2569 (cf.
1269 2530 1320 2567 18,
1347 2527 1395 2567 4).
1495 2527 1549 2558 III
1575 2525 1630 2557 Cf.
1659 2524 1786 2556 Cicero

266 2588 329 2619 pro
357 2577 528 2618 Quinctio
555 2578 607 2616 17,
634 2577 677 2608 55
710 2578 832 2607 ‘uetus
865 2578 921 2607 est
951 2574 994 2605 de
1027 2584 1155 2605 scurra
1185 2572 1297 2605 multo
1324 2571 1470 2604 facilius
1503 2571 1657 2602 diuitem
1681 2581 1788 2611 quam

266 2626 408 2664 patrem
433 2621 594 2654 familias
620 2621 698 2654 fieri
723 2623 854 2662 posse.’
903 2621 1098 2652 Petronius
1125 2629 1154 2653 c.
1179 2620 1241 2651 80:

538 2669 643 2708 ‘grex
668 2666 747 2708 agit
770 2665 809 2697 in
834 2675 970 2696 scaena
994 2664 1156 2695 mimum:
1183 2667 1308 2705 pater
1332 2662 1396 2694 ille
1422 2665 1585 2700 uocatur,

582 2711 709 2742 filius
735 2710 813 2750 hic,
839 2720 971 2741 nomen
996 2709 1154 2741 diuitis
1180 2708 1241 2740 ille
1267 2711 1382 2740 tenet.

538 2767 620 2788 mox
645 2755 707 2788 ubi
731 2755 902 2787 ridendas
927 2754 1076 2786 inclusit
1100 2754 1237 2796 pagina
1263 2755 1398 2795 partes,

581 2811 671 2833 uera
695 2801 791 2833 redit-
816 2800 951 2840 facies,
977 2799 1058 2831 dum
1085 2799 1255 2831 simulata
1282 2797 1402 2839 pcrit.'

269 2845 326 2888 (In
350 2857 384 2879 11.
411 2848 431 2879 3
455 2856 521 2888 pro
546 2846 713 2888 pagina
738 2848 913 2887 expectes
938 2844 1140 2886 capsula:
1168 2843 1440 2885 reponebantur
1465 2840 1560 2872 enim
1592 2840 1630 2871 in
1655 2849 1786 2881 capsu-

267 2891 527 2933 lamchartae,
552 2901 646 2932 quae
664 2891 820 2932 scriptas
845 2892 970 2932 partes
989 2889 1222 2929 exhibebant,
1249 2897 1331 2921 cum
1346 2888 1500 2930 peracta
1517 2884 1644 2919 fabula
1662 2883 1785 2925 esset.)
