2023 3287
683 232 940 266 CAECILIVS
967 208 1168 266 STA'rlvs
1651 231 1704 271 47

863 335 924 376 V]
959 334 1024 391 (4)

297 413 464 453 ‹jah—ruli
497 413 586 453 sine
619 412 766 453 dentes
801 412 978 465 iactent,
1010 410 1101 452 sine
1135 412 1351 452 nictentur
1383 411 1566 465 perticis.

851 487 935 529 VII
968 486 1031 542 ((5)

297 564 397 605 Sine
431 579 550 606 suam
583 566 843 605 smicctutem
877 564 1003 604 ducat
1036 566 1166 617 [isque
1200 563 1252 604 ad
1286 564 1449 604 scnium
1482 565 1653 605 sorbilo.

838 639 944 680 VIII
979 638 1045 695 (5)

296 716 527 772 Prodl'gere
560 721 619 772 et,
652 732 747 758 cum
779 717 887 757 nihil
918 716 1097 770 habeas,
1127 716 1199 757 ted
1230 715 1406 756 inridier

857 792 919 833 IX
952 791 1016 847 (8)

198 853 268 894 74¹
293 853 447 893 nudius
479 853 630 894 tertius

415 927 912 970 HYPOBOLIMAEVS
948 926 1052 983 [siue
1086 926 1449 983 SVBDITIVOsj

876 1004 896 1045 Ι
929 1003 994 1059 (1)

203 1083 257 1123 ῖῖ)
291 1116 297 1124 .
332 1116 339 1123 .
373 1096 621 1123 aerumnam
655 1081 815 1136 pariter
846 1079 1032 1122 tetulistl‘
1061 1094 1210 1122 meam.

173 1205 203 1225 e.
231 1203 263 1234 q.
290 1203 319 1226 s,
413 1193 481 1225 VII
507 1194 640 1225 Festus
673 1203 706 1234 p.
733 1194 798 1225 339
823 1193 870 1224 Μ.
907 1192 1100 1224 ‘senium
1133 1203 1154 1223 a
1179 1190 1287 1223 senili
1312 1191 1514 1222 acerbitate
1541 1195 1577 1222 et
1600 1191 1701 1222 uitiis

173 1238 308 1269 dictum
327 1238 447 1279 posuit
467 1237 651 1269 Caecilius
669 1239 706 1268 in
719 1236 921 1277 Hymnide:
948 1238 1040 1269 sine’
1062 1247 1092 1270 e.
1112 1247 1143 1277 q.
1162 1246 1189 1268 s.
1262 1235 1349 1267 VIII
1374 1236 1507 1267 Festus
1524 1246 1556 1276 p.
1574 1237 1640 1268 229
1654 1237 1701 1268 M.

170 1282 476 1324 ‘pi-odegeris,
515 1282 801 1323 consumpseris,
840 1281 1061 1323 perdideris’
1095 1278 1156 1323 (cf.
1189 1290 1279 1314 mus.
1312 1280 1424 1312 Rhen.
1456 1280 1506 1311 VI
1535 1280 1613 1318 622)
1648 1284 1702 1312 ‘ut

171 1326 357 1359 Caecilius
388 1327 426 1358 in
456 1326 634 1367 Hymni:
665 1326 871 1368 prodigere’
905 1337 935 1358 e.
963 1337 995 1367 q.
1021 1336 1048 1357 s.
1151 1325 1202 1357 IX
1229 1325 1419 1357 Charisius
1443 1325 1480 1358 II
1511 1336 1545 1366 p.
1573 1325 1635 1357 185
1661 1326 1698 1357 P.

171 1372 349 1404 ‘nudius
380 1372 548 1403 tertius
574 1371 760 1403 Caecilius
785 1372 822 1402 in
847 1371 1057 1412 Hymnide?

236 1417 573 1448 HYPOBOUMAEVS.
613 1417 667 1447 De
685 1416 791 1448 huius
808 1416 959 1448 fabulae
979 1419 1191 1457 argumento
1211 1414 1457 1446 coniecturam
1476 1414 1598 1446 faeere
1616 1414 1702 1446 licet

173 1472 216 1493 ex
241 1462 415 1493 Varronis
449 1461 494 1492 de
524 1472 562 1493 re
595 1464 682 1493 rust.
717 1459 751 1492 II
785 1463 844 1500 11,
879 1462 917 1492 11
950 1460 1029 1493 loco
1056 1463 1196 1501 tneque
1222 1470 1294 1491 non
1327 1459 1503 1501 quaedam
1529 1460 1700 1491 nationes

170 1507 310 1537 harum’
338 1506 402 1547 (sc.
424 1505 628 1547 caprarum)
655 1505 828 1547 ‘pellibus
855 1508 941 1538 sunt
964 1506 1123 1537 uestitae
1145 1532 1152 1538 .
1172 1529 1180 1536 .
1199 1530 1208 1539 .
1228 1505 1332 1536 cuius
1357 1514 1460 1536 usum
1486 1504 1582 1546 apud
1608 1505 1702 1536 anti—

171 1561 259 1593 quos
285 1561 425 1592 quoque
452 1550 612 1582 Graecos
645 1551 759 1582 fuisse
791 1552 951 1592 oportet,
985 1550 1079 1591 quod
1111 1550 1148 1581 in
1178 1549 1380 1591 tragoediis
1412 1559 1518 1581 senes
1553 1550 1597 1581 ab
1630 1549 1701 1581 hac

170 1596 268 1637 pelle
300 1598 480 1627 uocantur
517 1594 742 1636 ὃιφθερίαι,
782 1599 818 1627 et
848 1595 884 1626 in
921 1595 1119 1627 comoediis
1157 1595 1233 1635 qui
1269 1595 1312 1625 in
1351 1594 1528 1625 rustico
1566 1604 1700 1635 opere

170 1644 415 1680 morantur,
448 1643 495 1671 ut
526 1640 640 1681 apud
672 1639 923 1672 Caecilium
955 1641 999 1671 in
1029 1638 1386 1681 Hypobolimaeo
1426 1638 1565 1670 habet
1598 1639 1700 1670 adu-

170 1685 369 1726 lescens,
411 1684 507 1726 apud
545 1685 753 1716 Terentium
787 1685 824 1715 in
860 1684 1252 1716 Hautontimorumeno
1285 1686 1423 1717 senex.’
1472 1683 1571 1714 Hinc
1605 1685 1699 1715 enim

174 1729 409 1761 confirmatur
441 1729 535 1770 quod
566 1729 775 1761 Meinekius
806 1729 903 1762 Men.
935 1740 971 1771 p,
1007 1731 1068 1761 172
1099 1730 1299 1768 statuerat,
1334 1738 1377 1759 ex
1407 1727 1700 1769 Hypobolimaeo

171 1775 290 1816 petita
324 1784 405 1806 esse
439 1784 532 1814 quae
566 1777 693 1806 narrat
724 1774 854 1806 Cicero
885 1784 949 1816 pro
982 1775 1087 1807 Rosc.
1121 1773 1198 1805 Am.
1226 1774 1277 1813 16,
1302 1774 1344 1804 4ss
1378 1772 1520 1813 ‘ecquid
1552 1773 1699 1804 tandem

170 1820 238 1851 tibi
262 1819 426 1859 uidetur,
452 1822 491 1850 ut
517 1818 562 1850 ad
589 1818 736 1851 fabulas
767 1819 974 1859 ueniamus,
1007 1829 1141 1851 senex
1173 1817 1254 1849 ille
1290 1817 1592 1849 Caecilianus
1623 1819 1701 1848 mi-

171 1864 295 1895 noris
322 1864 478 1895 facere
505 1863 764 1904 Eutychum'
793 1863 1014 1904 (eutycum
1039 1863 1185 1896 Monac.
1210 1873 1256 1896 m.
1284 1864 1300 1893 1
1327 1864 1427 1894 recte
1461 1862 1700 1903 euthycum

170 1910 314 1941 Veneta
351 1907 577 1940 euthicum
609 1908 809 1947 Wolfenb.‚
849 1911 886 1940 et
921 1909 976 1941 sic
1019 1908 1129 1939 infra.
1169 1906 1395 1938 enthinum
1433 1906 1543 1938 Laur.
1581 1907 1644 1946 52⁷
1683 1909 1695 1937 1

170 1953 436 1985 Aeschinum
463 1956 499 1984 et
524 1953 623 1984 infra
648 1953 900 1985 Aeschinus
925 1952 1155 1994 Spengelius.
1204 1952 1319 1984 Deest
1349 1951 1452 1983 locus
1484 1952 1521 1982 in
1548 1951 1700 1992 Lagom.

171 1999 227 2035 26)
254 1997 424 2029 ‘filium
457 1998 688 2037 rusticum,
729 2008 858 2039 quam
894 1997 1021 2029 illum
1054 1997 1247 2029 alterum
1280 1993 1698 2028 Chaeresti·atum?’

171 2040 517 2082 (eaerestratum
532 2042 716 2074 VVolfenb.
735 2043 888 2082 Monac.⁷
905 2043 1021 2083 recte)
1047 2046 1157 2074 ‘nam
1174 2045 1221 2073 ut
1245 2041 1405 2083 opinor
1428 2041 1509 2073 hoc
1528 2042 1700 2072 nomine

172 2090 250 2119 est.
299 2087 488 2119 alterum
514 2088 556 2118 in
582 2089 689 2120 urbe
723 2097 870 2120 secum
901 2087 1086 2120 honoris
1119 2095 1257 2119 causa
1288 2086 1474 2125 habere,
1507 2085 1699 2117 alterum

171 2142 246 2164 rus
271 2131 489 2174 supplicii
514 2142 652 2164 causa
677 2132 934 2174 relegasse‘x’
953 2155 961 2164 .
980 2156 988 2164 .
1006 2156 1014 2164 .
1040 2142 1145 2164 nemo
1163 2132 1268 2163 uobis
1288 2131 1408 2172 magis
1426 2133 1530 2162 notus
1557 2131 1700 2162 futurus

171 2177 219 2208 sit
243 2187 349 2218 quam
375 2179 432 2209 est
455 2176 513 2208 hic
538 2177 741 2219 Eutychus,
772 2181 807 2209 et
837 2180 937 2209 certe
964 2177 1010 2209 ad
1042 2187 1117 2209 rem
1141 2176 1234 2208 nihil
1259 2176 1357 2207 inter
1387 2175 1436 2207 sit
1460 2179 1580 2207 utrum
1604 2175 1700 2207 hunc

172 2231 238 2263 ego
267 2222 443 2253 comicum
462 2221 733 2254 adulescentem
760 2232 807 2253 an
825 2222 983 2264 aliquem
1010 2233 1053 2254 ex
1080 2231 1168 2263 agro
1184 2220 1338 2253 Veiente
1366 2220 1572 2255 nominem?
1610 2220 1699 2259 Qui-

171 2266 237 2298 bus
274 2265 370 2307 quod
405 2265 507 2298 addit
543 2266 746 2298 scholiasta
783 2266 1039 2299 Gronouianus
1074 2277 1110 2309 p.
1147 2267 1214 2298 429
1250 2266 1309 2298 Or.
1347 2265 1459 2307 ‘apud
1495 2264 1698 2297 Caecilium

171 2374 246 2408 eius
278 2385 347 2408 om.
385 2372 564 2417 Βοίήἱιις,
607 2377 647 2409 ut
681 2375 794 2419 fieret
829 2376 1027 2413 senarizcae
1060 2374 1242 2419 probauit
1282 2372 1529 2419 Spenyelius:
1569 2372 1697 2407 hiatus

171 2439 291 2464 eausa
324 2429 471 2463 huiusce
502 2430 627 2464 malim
798 2428 849 2465 72
881 2429 1016 2476 garruli
1053 2429 1130 2464 sine
1169 2428 1295 2464 dentes
1328 2428 1505 2475 Scctliyer
1543 2427 1695 2474 garrulis

171 2484 353 2520 medentes
385 2485 467 2520 cod.
603 2484 653 2521 73
686 2491 863 2520 senectam
894 2495 1072 2521 numeros
1099 2486 1216 2531 paulo
1247 2486 1415 2521 leniores
1445 2484 1600 2519 reddat:
1642 2482 1695 2529 ef.

171 2553 208 2576 u.
232 2539 283 2575 28
372 2551 486 2587 usque
510 2540 707 2576 Bentleius
727 2543 765 2576 2‘72
791 2541 876 2576 Ter.
901 2543 961 2577 acl.
982 2541 1048 2576 IV
1065 2540 1103 2585 2,
1127 2539 1193 2586 52,
1213 2541 1393 2586 probauit
1418 2543 1507 2584 post
1529 2538 1696 2585 Spenge-

169 2597 258 2632 Zium
279 2595 553 2632 Lscclzmamzus
582 2597 618 2631 in
649 2597 763 2632 Lucr.
788 2595 870 2632 250
900 2597 1023 2644 utique
1055 2597 1152 2642 cod„
1183 2597 1284 2643 quod
1312 2597 1448 2631 relinet
1482 2595 1697 2630 Grauertus

171 2652 282 2688 Anal.
304 2663 342 2698 p.
367 2652 418 2688 82
452 2651 695 2698 ‘quamquam
711 2653 943 2698 praeplacet
965 2650 1113 2699 usque’;
1145 2654 1232 2687 ilem
1261 2653 1418 2687 seruari
1447 2652 1527 2688 uult
1558 2650 1697 2686 Schoe-

170 2718 332 2743 mannus
353 2718 485 2754 opusc.
510 2710 622 2743 acad.
646 2708 670 2743 Ι
680 2708 710 2743 V
729 2706 809 2744 296
904 2707 1038 2743 sorbilo
1061 2707 1260 2743 Bentleius
1279 2706 1431 2742 sorbitio
1455 2704 1534 2742 cod.
1559 2705 1696 2742 sorbito

172 2763 394 2810 Spenyelius
415 2765 591 2799 sonticum
615 2764 831 2800 (ἔνεικεν-τας
917 2763 970 2800 74
991 2769 1026 2799 et
1047 2765 1190 2809 scripsi
1209 2769 1263 2798 est
1285 2763 1367 2799 cod.
1455 2762 1504 2797 nil
1536 2762 1697 2798 Bollzz'us

283 2819 342 2854 ted
375 2819 519 2855 inridier
541 2820 686 2856 Neuius
714 2832 771 2866 (st.
802 2821 869 2855 lat.
900 2820 946 2855 II
974 2819 1053 2855 327
1088 2823 1121 2854 te
1152 2819 1298 2854 inridier
1331 2819 1412 2854 cod.
1445 2823 1479 2852 te
1509 2817 1695 2853 inriderier

172 2874 374 2910 Dacerius.
436 2875 492 2922 cf,
514 2876 704 2922 Berylcius
727 2877 842 2921 symb.
874 2876 898 2911 I
926 2875 1003 2911 137
1122 2874 1173 2911 75
1202 2877 1431 2921 praemittas
1459 2884 1536 2908 nam
1560 2885 1694 2909 meeum
