2023 3287
670 225 931 260 CATVLLvs.
979 224 1234 259 LENTVLVS
1635 222 1717 264 393

199 331 328 373 schol.
363 331 421 372 ‘id
463 332 543 385 est,
574 344 726 385 praeco
759 331 878 372 fuisti
898 331 943 372 in
963 330 1092 372 mimo
1125 362 1134 371 .
1167 363 1175 372 .
1207 363 1216 372 .
1249 363 1257 371 .
1288 343 1447 372 nomen
1474 331 1539 371 est
1569 329 1716 371 mimo-

199 408 368 463 graphi,
400 410 442 449 et
471 407 628 449 Fasma
658 422 816 449 nomen
847 410 911 449 est
942 407 1141 449 fabulae?
1165 416 1168 419 ’

699 500 991 544 INCERTVS
1023 501 1210 544 MIMVS

319 579 536 621 quenalis
567 578 673 620 XIII
710 579 805 621 109·
834 579 949 620 enam
988 594 1082 621 eum
1120 593 1277 634 magna
1316 580 1451 620 malae
1492 593 1618 634 super
1655 582 1719 620 est

205 657 381 699 audacia
413 670 583 710 causae,
616 654 811 697 Creditur
844 672 867 697 a
900 657 1044 698 multis
1081 657 1245 697 fiducia.
1307 657 1483 697 mimum
1516 656 1607 711 agit
1637 656 1720 710 ille,

202 734 367 776 Vrbani
400 734 567 789 qualem
587 733 796 787 fugitiuus
819 747 962 774 scurra
984 732 1166 775 Catulli?
1230 733 1360 774 schol.
1381 733 1495 774 ‘talis
1517 735 1580 774 est
1606 733 1719 774 enim

202 811 374 866 mimus,
406 811 478 852 ubi
512 825 658 852 seruus
690 810 898 866 fugitiuus
931 810 1151 852 dominum
1185 825 1306 852 suum
1339 810 1498 853 trahit?

706 1001 749 1054 L
773 1002 816 1055 E
842 1001 890 1055 N
915 1001 955 1055 Τ
980 1002 1023 1057 V
1048 1002 1090 1055 L
1114 1002 1159 1058 V
1184 1000 1217 1056 S

784 1137 1146 1181 CATINENsns

324 1221 612 1263 Tertullianus
651 1222 701 1262 de
738 1222 868 1276 pallio
907 1223 934 1262 4
979 1222 1068 1263 ‘sed
1113 1224 1155 1264 et
1198 1222 1270 1277 qui
1314 1224 1413 1263 ante
1451 1221 1725 1276 Tirynthium

206 1301 440 1341 accesserat
476 1299 622 1354 pugil
655 1297 988 1340 Cleomachus
1026 1301 1124 1353 post
1156 1299 1377 1354 Olympiae
1416 1314 1511 1340 cum
1548 1299 1724 1340 incredi-

205 1376 281 1417 bili
313 1377 481 1417 mutatu
513 1375 562 1416 de
595 1376 783 1417 masculo
816 1375 1030 1431 fluxisset,
1061 1377 1175 1417 intra
1207 1379 1346 1417 cutem
1367 1391 1514 1418 caesus
1541 1378 1583 1417 et
1613 1376 1726 1417 ultra

205 1453 317 1494 inter
359 1453 543 1494 fullones
580 1453 666 1493 iam
703 1451 925 1494 Nouianos
964 1453 1234 1495 coronandus
1277 1454 1512 1507 meritoque
1555 1453 1726 1494 mimo-

207 1530 406 1586 grapho
439 1528 654 1571 Lentulo
693 1530 744 1570 in
776 1529 1147 1572 Catinensibus
1186 1532 1613 1572 commemoratus
1646 1530 1725 1570 uti-

207 1622 287 1662 que
320 1607 429 1648 sicut
460 1607 642 1662 uestigia
674 1610 864 1648 cestuum
896 1607 1014 1648 uiriis
1036 1609 1277 1662 occupauit⁷
1308 1609 1369 1649 ita
1395 1610 1437 1649 et
1468 1607 1726 1649 endromidis

208 1685 394 1727 solocem
425 1684 568 1739 aliqua
598 1684 790 1726 multicia
822 1683 1014 1740 synthesi
1045 1685 1252 1726 extrusit?

567 1875 931 1931 LENTVLI.
997 1874 1190 1931 HOST
1206 1875 1355 1929 ILII

324 2012 613 2054 Tertullianus
651 2013 820 2068 apolog.
854 2013 908 2054 15
946 2013 1155 2068 ‘dispicite
1186 2012 1467 2054 Lentulorum
1505 2015 1547 2054 et
1582 2012 1727 2054 Hosti-

206 2090 361 2131 liorum
398 2091 646 2131 uenustates
684 2092 828 2131 utrum
864 2090 1016 2132 mimos
1049 2105 1105 2131 an
1142 2090 1242 2132 deos
1274 2091 1439 2131 uestros
1470 2090 1517 2130 in
1548 2089 1652 2131 iocis
1686 2092 1728 2131 et

209 2167 394 2221 strophis
414 2167 604 2208 rideatis:
636 2168 897 2208 moechum
917 2167 1123 2209 Anubin
1149 2170 1197 2208 et
1228 2167 1507 2208 masculum
1533 2167 1727 2208 Lunam

209 2246 259 2284 et
290 2243 504 2284 Dianam
535 2244 859 2298 flagellatam
892 2247 934 2286 et
965 2244 1108 2287 Iouis
1140 2245 1327 2286 mortui
1360 2246 1726 2286 testamentum

208 2320 480 2361 recitatum
512 2322 554 2362 et
586 2323 688 2362 tres
719 2320 966 2363 Hercules
998 2322 1266 2364 famelicos
1298 2321 1518 2363 inrisos.'

298 2451 478 2482 INcEmvs
504 2451 641 2485 vaS.
692 2451 893 2484 Laureolus
920 2450 1120 2493 significari
1145 2451 1290 2484 uidetur
1306 2451 1533 2488 Heinrichio,
1559 2454 1660 2483 recte
1686 2455 1726 2482 ut

209 2497 312 2537 puto:
348 2495 395 2527 cf.
420 2494 551 2526 librum
577 2506 694 2528 meum
720 2496 762 2527 de
789 2496 961 2528 quenale
987 2508 1020 2538 p.
1046 2499 1079 2529 5.

300 2541 478 2572 LENTVLI.
526 2540 701 2573 HoST1L11
765 2542 1008 2582 Hieronymus
1045 2542 1125 2573 adu.
1160 2541 1275 2573 Rufin.
1310 2541 1344 2572 ΙΙ
1376 2552 1408 2582 p.
1442 2543 1506 2572 414
1538 2544 1591 2572 ‘et
1622 2542 1728 2581 quasi

210 2585 355 2616 mimum
386 2584 617 2617 Philistionis
648 2587 706 2618 1161
739 2587 887 2617 Lentuli
921 2598 963 2618 ae
994 2587 1032 2627 (l.
1059 2587 1137 2626 aut)
1172 2586 1320 2619 Marulli
1350 2586 1536 2627 stropham
1567 2586 1727 2627 eleganti

209 2641 372 2662 sermone
399 2630 619 2662 confictam’.
669 2632 726 2663 Cf.
752 2631 1002 2662 Tertullianus
1029 2632 1075 2663 ad
1099 2633 1268 2663 nationes
1287 2632 1373 2663 110.
1403 2631 1580 2662 Anubidis
1606 2641 1726 2672 perso-

209 2675 290 2706 nati
307 2685 358 2709 sc.
378 2675 595 2706 adulterium
622 2676 773 2716 aliquod
801 2677 880 2718 ipso
905 2686 1009 2708 aerae
1037 2681 1185 2708 nostrae
1210 2677 1316 2708 initio
1337 2677 1470 2708 Itomae
1499 2677 1727 2708 commissum

209 2720 386 2761 Iosephus
412 2720 580 2761 antiquit.
608 2721 731 2753 XVIII
757 2724 789 2762 3,
815 2723 835 2753 4
860 2725 1002 2762 narrat3
1035 2722 1078 2754 de
1104 2722 1208 2754 Luno
1234 2721 1356 2753 Carris
1386 2721 1484 2754 culto
1509 2721 1727 2764 Spartianus

210 2764 247 2795 in
271 2764 457 2797 Caracalli
480 2766 559 2797 uita
585 2776 613 2800 e.
639 2767 658 2799 7
