2023 3287
691 219 948 252 CAECILIVS
975 217 1173 250 STATIVS
1641 213 1688 251 81

179 326 385 378 Lucilii,
425 340 549 378 quae
581 323 843 363 inducitur
882 337 968 375 per
1000 321 1218 361 astutias
1257 319 1484 372 accipere
1518 330 1694 369 argen-

179 407 283 443 tum
317 417 339 442 a
374 400 575 441 Simone
608 399 810 439 domino
844 413 930 438 suo
963 398 1013 437 in
1046 397 1210 438 dotem
1243 395 1414 435 filiae?

755 508 985 549 XXXVIII
1018 507 1112 563 (22)

301 588 467 643 gnoscit

780 659 962 701 XXXIX
998 658 1091 714 (119)

300 739 539 780 fucilioreis.
602 738 861 778 sanctioreis.

677 907 776 961 quid
808 907 995 947 hominis
1029 906 1257 946 uxore'mne
1289 903 1466 960 habes?]

184 1086 269 1127 290
1047 1082 1114 1122 faie
1148 1083 1271 1123 uelis:

303 1159 519 1202 Perfl'cies.

302 1296 453 1337 Festus
486 1309 524 1348 p.
547 1294 630 1335 229
652 1293 708 1334 M.
742 1294 977 1348 ‘profesti
1011 1294 1098 1334 (lies
1132 1290 1269 1348 dimi,
1302 1293 1413 1347 quod
1441 1294 1526 1334 sint
1557 1295 1704 1348 procul

186 1389 210 1414 a
240 1373 447 1427 religione
479 1369 682 1426 numinis]
718 1371 862 1411 diuini.
925 1368 1180 1411 Caecilius
1203 1403 1476 1411 ..........
1497 1370 1563 1410 sti
1594 1372 1704 1410 tan-

185 1450 389 1491 tundem
423 1480 667 1489 .........
703 1445 939 1502 [Afranius]
979 1447 1023 1487 in
1055 1445 1272 1501 Priuigno'
1306 1460 1338 1486 e.
1372 1462 1409 1500 q.
1442 1461 1472 1487 s.
1511 1444 1705 1500 (Caeci—

186 1527 285 1568 lius
312 1559 319 1567 .
341 1559 348 1566 .
371 1559 378 1566 .
404 1525 472 1566 uel
504 1522 715 1565 Caecilii
743 1556 750 1564 .
772 1557 779 1564 .
802 1557 809 1564 .
835 1525 1019 1564 testatur
1049 1523 1103 1564 H.
1135 1522 1299 1563 Keilius
1337 1538 1443 1564 mus.
1476 1522 1612 1563 Rhen.
1644 1522 1706 1564 VI

191 1602 294 1658 622)

188 1732 383 1763 talentum:
416 1730 487 1762 fuit
519 1730 614 1761 enirn
650 1729 743 1761 haec
775 1728 900 1760 eadem
933 1728 1167 1760 meretricula
1204 1739 1334 1769 rapax,
1373 1731 1413 1760 ut
1443 1729 1574 1770 Thais,
1614 1739 1708 1770 quae

187 1777 325 1808 lucrum
350 1776 472 1807 facit.²
511 1773 707 1806 Caecilii
724 1784 855 1806 nomen
873 1773 1120 1805 oblitteratum
1141 1773 1402 1805 restituendum
1421 1784 1500 1806 esse
1519 1777 1617 1806 recte
1636 1785 1708 1806 mo-

188 1822 268 1853 nuit
285 1820 461 1853 Orellius:
487 1829 570 1850 nam
588 1829 679 1860 quae
698 1819 742 1850 de
759 1818 1028 1857 Nummularia‚
1047 1819 1078 1849 si
1094 1818 1148 1849 dis
1165 1819 1300 1859 placet,
1326 1819 1459 1850 Lucilii
1476 1819 1505 1851 I.
1524 1819 1710 1850 Beckerus

189 1877 276 1901 mus,
295 1866 410 1898 Rhen.
429 1866 461 1896 V
479 1865 521 1896 36
539 1874 615 1905 sqq.
643 1864 794 1904 cecinit,
820 1866 944 1894 nostra
970 1863 1112 1904 quidem
1139 1864 1309 1904 opinione
1335 1874 1435 1894 mera
1457 1867 1540 1895 sunt
1565 1863 1710 1905 glauco-

188 1915 297 1944 mata,
389 1909 580 1940 XXXVIII
607 1908 797 1940 Diomedes
815 1909 826 1939 Ι
846 1919 878 1949 p.
898 1910 963 1941 378
981 1909 1020 1940 Ρ.
1047 1909 1241 1951 ‘gnoscit
1262 1908 1314 1938 ait
1332 1907 1545 1940 Caecilius?
1573 1908 1710 1950 (igno-

191 1956 277 1988 scit
301 1953 461 1995 Monac.)
560 1953 714 1985 XXXIX
746 1952 932 1985 Charisius
964 1954 981 1985 I
1011 1964 1044 1994 p,
1076 1954 1141 1984 104
1171 1954 1211 1988 P.
1243 1952 1301 1992 (74
1330 1952 1389 1994 L.)
1428 1953 1710 1985 ‘facilioreis

191 2000 394 2038 Caecilius,
420 1999 538 2040 inquit
554 1999 714 2038 Plinius,
741 1998 837 2029 idem
857 2001 894 2030 et
919 1998 1198 2029 sanctioreis
1223 1999 1302 2029 ait.’
1395 1997 1459 2030 XL
1486 1997 1710 2030 Glossarium

189 2046 451 2077 Terentianum
475 2044 513 2074 in
540 2043 678 2075 advers.
697 2043 737 2075 C.
757 2043 901 2074 Barthii
919 2044 972 2082 38,
994 2044 1035 2073 14
1065 2042 1217 2083 ‘aliquid
1242 2043 1394 2074 monstri
1417 2043 1497 2085 plus
1524 2046 1580 2075 est
1605 2054 1711 2084 quam

191 2089 338 2132 aliquod
362 2092 561 2121 monstrum
586 2106 629 2111 —
653 2091 694 2120 ut
711 2087 914 2119 Caecilius:
941 2087 1039 2128 quid’
1068 2099 1098 2119 e.
1119 2097 1151 2128 q.
1170 2098 1197 2119 s.
1245 2088 1326 2119 Nisi
1345 2088 1439 2119 forte
1466 2098 1527 2130 per
1548 2088 1711 2119 fraudem

191 2134 384 2167 confictum
415 2133 616 2176 exemplum
649 2134 722 2165 est:
756 2133 802 2166 cf.
832 2131 998 2164 Donatus
1031 2132 1076 2163 ad
1107 2132 1188 2164 Ter.
1221 2133 1301 2166 hec.
1333 2133 1384 2164 IV
1414 2135 1453 2171 4,
1486 2135 1527 2164 22
1628 2133 1712 2164 XLI

190 2179 305 2212 Iulius
323 2178 535 2210 Rufinianus
555 2180 594 2210 19
613 2189 648 2220 p.
666 2179 709 2210 43
727 2178 772 2209 Η.
799 2177 847 2219 (p.
874 2179 937 2209 211
963 2176 1022 2218 R.)
1048 2170 1322 2219 *ἄποφώνημω
1351 2178 1534 2209 sententia
1566 2188 1712 2219 respon-

192 2226 290 2264 siua,
315 2227 356 2255 ut
381 2223 476 2265 apud
501 2223 719 2255 Caecilium:
746 2222 806 2254 fac
830 2232 864 2253 u.
884 2225 935 2263 p.’
964 2221 1229 2261 (Caecilium
1246 2223 1484 2258 Ruhnkenius
1511 2222 1711 2254 Caelium

194 2269 248 2302 cd.
275 2267 404 2310 princ.)
499 2268 630 2299 Aliena
655 2271 738 2299 sunt
764 2277 785 2298 a
811 2266 975 2298 Caecilio
1004 2277 1096 2308 quae
1124 2267 1271 2298 exhibet
1298 2267 1490 2298 thesaurus
1516 2268 1551 2298 in
1577 2267 1619 2299 A.
1639 2267 1714 2298 Mai

194 2317 290 2347 auct.
317 2313 423 2345 class.
449 2313 537 2344 VIII
567 2314 630 2344 372
663 2313 800 2348 ‘nicto,
834 2322 891 2351 as,
927 2312 989 2343 cii’
1016 2311 1146 2353 (nixi?)
1178 2311 1253 2343 ‘uel
1282 2313 1411 2351 nictui,
1447 2312 1538 2353 quod
1571 2313 1713 2353 proprie

194 2359 352 2400 pertinet
378 2358 423 2389 ad
449 2367 560 2389 canes
585 2357 731 2398 quando
755 2357 957 2388 bestiarum
980 2357 1143 2398 uestigia
1166 2357 1425 2397 insequuntur;
1452 2356 1545 2387 unde
1573 2360 1607 2387 et
1625 2356 1713 2388 Cae-

195 2403 300 2435 cilius
327 2403 370 2434 de
397 2402 551 2444 quodam
577 2412 683 2434 cane:
715 2402 823 2438 bene,
856 2402 991 2442 inquit,
1024 2402 1132 2433 nictit
1163 2402 1334 2442 oletque.'
1382 2411 1465 2432 nam
1491 2401 1599 2432 Ennii
1631 2404 1715 2432 sunt

196 2459 239 2479 cx
266 2447 457 2480 annalibus
482 2457 515 2481 u,
541 2448 605 2479 346
632 2450 737 2478 ‘uoce
767 2456 833 2478 sua
857 2447 964 2477 nictit
987 2445 1175 2488 ululatque
1200 2447 1252 2479 ibi
1278 2449 1412 2479 acute.’

309 2613 387 2649 289
419 2624 462 2647 ne
495 2613 622 2648 addidi
745 2612 826 2648 ‘290
857 2623 911 2659 sq.
942 2616 1066 2657 potest
1102 2614 1214 2646 etiam
1245 2612 1458 2656 septenarii
1484 2613 1628 2646 milium
1661 2611 1714 2645 siu:

199 2669 306 2705 uelis:
340 2667 501 2716 perficies
529 2668 654 2714 fuisse

269 2953 340 2977 Com,
362 2953 435 2976 Lm.
462 2953 534 2976 Ru.
1083 2952 1091 2956 '
1429 2944 1447 2972 G
