2023 3287
582 257 807 295 AQvlmvs
857 256 1067 288 LICINIVS
1116 253 1369 287 Clu-:cinus
1681 252 1734 290 :35

958 358 995 399 11

251 438 301 476 lo
334 436 417 478 Vbi
452 435 634 489 prsnuun
669 450 870 475 accensus
903 435 1109 475 clamarat
1141 432 1356 474 meridiem

617 572 691 624 11]
708 569 980 626 OINIVS
1034 570 1342 622 IMBREX

857 693 1100 736 NEAERA

334 773 446 814 Nolo
479 774 558 827 ego
591 772 799 812 Neaeram
831 773 874 812 ῒό
908 772 1078 823 nocent,
1111 769 1183 809 sed
1215 768 1460 821 Nerifflleiil,

334 850 441 890 (luni
474 848 643 903 quidem
679 848 864 889 Mauorti
897 862 940 888 es
973 846 1018 887 1'11
1052 846 1280 886 conubium
1315 845 1424 885 datar

576 987 996 1044 CAECILIVS
1062 986 1383 1042 STATIVS

809 1112 1142 1154 AETHERIo?

921 1188 1036 1243 I(U

333 1268 396 1308 De
429 1269 554 1308 nocte
587 1268 639 1308 ad
673 1269 843 1320 portum
877 1268 971 1306 siim
1003 1266 1231 1319 prouectus
1264 1264 1491 1317 prosumia.

215 1400 250 1427 te
283 1396 454 1432 uei-teris,
489 1396 661 1437 effugium
693 1394 830 1426 nullum
863 1397 928 1426 est.
1021 1394 1057 1426 ΙΙ
1083 1393 1198 1425 Varro
1230 1392 1273 1424 de
1298 1391 1321 1425 l.
1348 1392 1388 1423 L.
1413 1391 1462 1422 VI
1487 1393 1529 1424 89
1554 1391 1600 1424 M.
1651 1395 1740 1423 ‘ae-

215 1451 391 1472 censum
425 1441 572 1472 solitum
604 1442 699 1472 ciere
726 1439 877 1472 Boeotia
903 1438 1082 1478 ostendit,
1109 1447 1217 1478 quam
1244 1436 1466 1468 comoediam
1496 1436 1632 1477 Aquilii
1661 1447 1740 1468 esse

216 1485 356 1525 dicunt,
383 1485 451 1516 hoc
468 1496 595 1517 uersu:
622 1485 697 1516 ubi’
716 1495 746 1518 e.
767 1496 798 1526 q.
817 1494 844 1515 s.
871 1483 1062 1524 (Aquilii
1087 1482 1277 1514 Turnebus
1305 1484 1340 1512 et
1358 1479 1564 1512 Gronouius
1591 1482 1627 1512 in
1648 1481 1740 1516 Gell,

215 1531 269 1562 ΙΙΙ
294 1533 314 1561 3
348 1529 427 1561 alii
459 1530 564 1571 libri,
597 1540 663 1563 om.
691 1529 844 1562 vindeb.
876 1528 979 1568 alii,
1011 1528 1063 1560 sic
1095 1537 1175 1559 cum
1208 1527 1333 1568 script.
1365 1536 1478 1568 comp.
1512 1526 1567 1560 ed.
1604 1537 1654 1567 pr.
1682 1526 1741 1559 Cs.

216 1575 442 1606 Ritschelius
467 1575 616 1616 Parerg.
644 1575 661 1605 I
690 1575 727 1605 11
755 1574 824 1615 sq.)
1631 1603 1634 1607 .

304 1619 434 1651 LICINI
460 1619 615 1651 NEAERA
664 1619 721 1652 Cf.
750 1615 901 1659 Νέαιρα
925 1615 1097 1648 Timoclis
1122 1619 1158 1648 et
1183 1616 1419 1647 Philemonis.
1462 1615 1655 1647 Parasitus
1682 1626 1739 1646 as-

217 1667 384 1696 sentator
420 1663 546 1695 militis
584 1665 639 1696 sui
672 1667 816 1695 amatae
849 1663 971 1694 dicere
1003 1660 1157 1693 uidetur.
1213 1661 1354 1692 Gellius
1385 1660 1475 1692 XIII
1507 1662 1549 1691 23
1581 1659 1664 1699 (22),
1701 1662 1741 1691 16

217 1712 380 1750 ‘praeter
418 1709 587 1740 Plautum
631 1709 743 1740 etiam
786 1711 1005 1749 praeterque
1043 1705 1197 1737 Gellium
1234 1706 1398 1737 Licinius
1443 1704 1587 1736 Imbrex
1634 1708 1741 1735 uetus

217 1754 484 1785 comoediarum
516 1754 687 1794 scriptor,
720 1755 757 1784 in
791 1751 933 1793 fabula,
972 1761 1064 1793 quae
1095 1750 1254 1782 Neaera’
1294 1749 1449 1790 (neara
1482 1750 1566 1781 Par.
1605 1759 1742 1780 nerea

216 1798 336 1840 Lugd.
369 1796 506 1838 Guelf.)
539 1799 701 1839 ‘scripta
734 1800 808 1837 est,
841 1797 893 1828 ita
924 1795 1219 1837 scripsitgnolo'
1252 1805 1282 1825 e.
1310 1806 1341 1836 q.
1371 1805 1399 1826 s.
1450 1795 1522 1825 ‘Ita
1556 1797 1678 1825 autem
1703 1804 1741 1825 se

216 1853 384 1875 numerus
409 1843 562 1874 huiusce
587 1853 716 1874 uersus
747 1841 881 1883 habet,
912 1844 954 1872 ut
979 1841 1090 1872 tertia
1122 1840 1159 1870 in
1186 1850 1228 1871 eo
1262 1840 1408 1871 nomine
1441 1838 1586 1879 syllaba
1618 1841 1742 1870 contra

216 1899 321 1929 quam
340 1898 452 1929 supra
478 1887 614 1919 dictum
642 1890 698 1918 est
723 1885 954 1928 corripienda
971 1885 1030 1924 sit,
1049 1884 1150 1916 cuius
1170 1885 1308 1916 sonitus
1327 1887 1462 1926 quanta
1479 1883 1577 1925 apud
1594 1887 1743 1914 ueteres

215 1932 464 1964 indifferentia
488 1933 537 1964 sit
567 1932 686 1963 notius
720 1934 775 1963 est
810 1941 918 1972 quam
942 1933 982 1961 ut
1007 1929 1112 1971 plura
1136 1929 1173 1960 in
1198 1929 1235 1960 id
1259 1929 1373 1960 uerba
1398 1927 1574 1961 sumenda
1599 1928 1697 1959 siut.²

306 1978 510 2009 CAEC1L1vs
537 1977 714 2009 STATivs:
751 1976 899 2008 seruaui
925 1974 1089 2007 ordinem
1113 1976 1298 2005 nominum
1324 1973 1469 2015 qualem
1494 1972 1634 2004 indicat
1660 1972 1743 2004 Gel-

216 2022 287 2054 lius
305 2022 353 2053 IV
379 2024 434 2062 20,
461 2024 519 2061 13,
545 2031 762 2063 quamquam
782 2020 959 2052 Statius
976 2018 1208 2051 Caecilius
1234 2018 1441 2060 appellatur
1466 2018 1503 2049 in
1529 2017 1743 2058 Hieronymi

217 2067 387 2098 chronico
414 2066 473 2106 (cf.
499 2066 542 2098 de
571 2077 755 2108 praenom.
783 2077 814 2100 c.
839 2066 888 2107 4).
989 2065 1183 2095 Anrrussmo
1209 2064 1270 2095 uel
1295 2064 1489 2095 Anrnmo?
1530 2062 1742 2094 Aether-ium

215 2113 338 2144 Iouem
369 2111 550 2153 intellegit
580 2111 800 2153 Spengelius
832 2121 866 2152 p.
898 2111 918 2141 6
947 2109 1201 2150 Amphitruoni
1227 2119 1303 2141 *non
1339 2108 1492 2140 multum
1528 2107 1742 2139 dissimilem

218 2156 379 2188 fabulam
406 2156 518 2188 fuisse
545 2156 750 2196 coniciens3
780 2158 814 2187 et
846 2155 993 2187 deorum
1018 2163 1105 2185 sane
1139 2156 1263 2195 partes
1289 2155 1324 2184 in
1357 2163 1401 2184 ea
1434 2152 1549 2184 fuisse
1575 2151 1745 2183 uidentur

217 2201 417 2232 secundum
440 2200 483 2232 fr.
509 2200 576 2241 IV,
603 2201 674 2232 nisi
699 2200 793 2233 forte
819 2199 1062 2240 metonymice
1088 2199 1291 2230 Mercurius
1317 2197 1468 2231 dicitur:
1502 2198 1619 2238 ipsum
1653 2196 1744 2228 adeo

217 2245 548 2286 Amphitrionis
573 2255 705 2277 nomen
731 2245 857 2287 optimi
882 2244 966 2275 libri
983 2242 1093 2276 Nonii
1118 2242 1391 2282 commendant,
1418 2242 1510 2283 quod
1530 2242 1743 2283 reciperem,

218 2291 288 2321 nisi
314 2290 418 2321 Festi
444 2293 480 2321 et
496 2290 683 2322 Diomedis
709 2290 899 2321 obstarent
923 2288 1148 2321 testimonia.
1196 2287 1514 2320 Aeschrionem
1534 2285 1744 2328 Apollodori

218 2334 400 2366 Caecilius
425 2335 658 2367 transtulisse
683 2334 831 2366 uidetur
855 2333 1043 2366 Meinekio
1071 2333 1153 2365 hist.
1180 2343 1228 2364 cr.
1253 2333 1329 2365 461.
1358 2331 1528 2373 Cogitaui
1561 2332 1672 2363 etiam
1699 2330 1742 2361 de

334 2454 385 2489 10
415 2453 573 2488 clamarit
602 2454 684 2488 cod.
708 2452 742 2486 B
762 2452 927 2488 clamauit
951 2451 1130 2488 Osamzus
1150 2452 1261 2486 Amal.
1286 2461 1341 2486 cr.
1371 2449 1448 2486 185
1471 2461 1520 2484 αη
1551 2447 1744 2484 clamabat?

334 2510 354 2544 1
387 2519 548 2544 neaerem
578 2508 696 2555 Luycl.
728 2517 855 2543 neaera
887 2508 1010 2543 Germ.
1035 2507 1169 2545 Petau.
1199 2517 1325 2542 neuere
1356 2507 1451 2543 Par.
1539 2510 1593 2539 set
1625 2504 1742 2551 Luyd.

331 2565 388 2600 De
415 2565 569 2611 formae
599 2563 786 2599 Nerienem
816 2574 994 2600 mensura
1027 2563 1080 2609 cf.
1113 2563 1392 2598 Fleckeisenus
1423 2563 1530 2607 epist.
1563 2562 1648 2596 crit.
1680 2561 1741 2596 ad.

221 2621 272 2656 M.
295 2621 495 2656 Ilertzium
524 2632 562 2666 p.
595 2619 646 2655 32
764 2618 786 2654 2
820 2618 1108 2667 quandoquidem
1141 2617 1301 2654 Bollzz‘us
1332 2629 1409 2653 cum
1443 2615 1621 2663 quondam
1653 2616 1742 2651 Lion

221 2677 387 2723 quoniam
426 2676 569 2724 quidem
607 2676 884 2712 Fleckeisenus
919 2677 944 2711 l.
981 2677 1005 2710 Z.
1033 2686 1073 2720 p.
1107 2673 1159 2710 36
1282 2673 1432 2708 Mauorti
1472 2674 1614 2717 scripsi
1644 2671 1744 2706 Marti

219 2733 320 2777 libri,
353 2735 426 2768 m’sz·
455 2733 556 2779 quod
576 2733 681 2767 marci
704 2731 820 2778 Luycl.
939 2728 959 2767 (Ξ
1002 2730 1105 2766 Voss.
1131 2729 1254 2764 Germ.
1286 2732 1306 2764 e
1337 2730 1472 2765 Peeau.
1552 2726 1742 2762 conubium

221 2787 335 2824 Voss.
369 2789 493 2824 Germ.
525 2788 642 2835 Mayl.
678 2788 791 2834 Lugscl.
825 2785 957 2823 Petau.
990 2785 1082 2833 Ray.
1116 2785 1209 2820 Par.
1245 2782 1304 2831 (m.
1328 2787 1393 2822 alt.
1423 2779 1625 2830 conubium)
1659 2794 1744 2818 con*

222 2843 365 2879 nubium
387 2846 499 2890 uulyo
578 2845 765 2880 Numeros
785 2843 931 2879 iuuabit
951 2844 1066 2889 quies
1084 2840 1150 2888 ipsi
1175 2842 1208 2875 in
1226 2840 1433 2888 coniugium
1450 2839 1528 2875 daia
1543 2842 1745 2885 scripseris

338 2901 356 2933 1
391 2906 584 2946 prouectus
623 2901 749 2935 Bamb.
784 2899 885 2934 Lem.
919 2910 956 2934 n.
993 2897 1069 2933 116
1102 2896 1226 2944 prosec
1267 2898 1314 2933 W
1340 2896 1524 2944 profectus
1557 2897 1677 2930 ceteri

1420 2962 1462 2977 ηιμ

1419 2978 1437 2992 ι.)
