2023 3287
236 228 312 267 124
549 229 612 259 EX
638 227 862 259 INCERTIS
889 226 1205 259 INCERTORVM
1231 226 1438 258 FABVLls

954 331 1025 371 LV

350 408 633 461 Obstrudant,
666 407 928 449 obsatullent

946 484 1042 525 LVI

1079 561 1204 602 audio
1214 594 1224 615 7
1254 561 1362 601 haut
1393 560 1598 601 ausculto.

931 637 1054 678 LVII

245 713 314 756 74¹
350 712 509 768 ‘Vsque
544 715 743 755 (lonicum
775 714 993 769 effligatur

919 790 1062 832 LVIII

348 866 467 909 Villa
509 870 573 909 est·
610 868 764 922 patrui.
825 868 894 908 hio
932 868 1034 922 ager
1065 870 1130 908 est
1168 867 1240 908 ubi
1280 869 1379 907 stas.
1441 868 1552 921 pone
1585 880 1754 907 uersum

1111 945 1209 985 illae
1241 958 1357 985 mare
1391 945 1466 985 est.

350 1092 568 1135 'Insanum
602 1093 725 1134 aliter
757 1094 833 1134 sua
867 1092 1081 1133 sententia
1113 1093 1240 1146 atque
1274 1092 1452 1132 aliarum
1484 1091 1709 1132 mulierum

348 1248 530 1289 iniurius

546 1383 1048 1438 Scytalosagittipelliger

228 1514 479 1552 tunmltuaris,
513 1515 638 1545 soror?
672 1513 756 1554 quid
788 1512 954 1545 insanis?
989 1512 1089 1553 quid
1122 1511 1374 1544 clamorem’
1410 1522 1441 1543 e.
1469 1522 1501 1553 q.
1529 1521 1554 1543 s.
1603 1511 1755 1542 Versum

229 1570 309 1591 osse
342 1559 433 1590 uidit
467 1558 618 1589 Beierus
649 1558 686 1589 in
720 1557 795 1589 Cio.
830 1557 900 1590 Off.
932 1558 971 1588 T.
999 1558 1014 1589 Ι
1039 1568 1071 1599 p.
1101 1559 1164 1589 17S
1302 1557 1366 1588 LV
1391 1558 1526 1589 Festus
1559 1567 1591 1597 p.
1621 1558 1683 1587 193
1709 1557 1755 1587 M.

228 1605 401 1636 ‘obstru
413 1604 432 1634 d
444 1615 464 1634 a
474 1608 537 1639 ut,
566 1614 584 1635 ο
597 1603 617 1633 1)
631 1603 770 1635 satull
784 1606 875 1643 ent,
897 1603 942 1634 ab
962 1602 1070 1634 auide
1089 1602 1270 1634 trudendo
1287 1602 1330 1633 in*
1342 1602 1476 1643 gulam,
1495 1612 1564 1633 non
1583 1600 1755 1633 sumendo

229 1650 376 1680 eibum.’
490 1648 572 1680 LVI
598 1649 713 1680 Varro
739 1648 781 1680 de
809 1648 831 1679 l.
856 1647 897 1679 L.
923 1648 970 1679 VI
998 1648 1040 1679 83
1065 1648 1112 1679 M.
1141 1647 1202 1679 ‘ab
1230 1647 1415 1679 audiendo
1442 1649 1551 1678 etiam
1579 1646 1756 1678 auscul-

228 1699 324 1726 tare
358 1694 601 1733 declinatum,
635 1692 728 1735 quod
759 1693 796 1724 hi
829 1693 1040 1724 auscultare
1071 1692 1259 1730 dicuntur,
1293 1693 1353 1734 qui
1387 1692 1525 1724 auditis
1558 1695 1708 1733 parent,
1735 1702 1757 1723 a

228 1751 297 1781 quo
317 1739 451 1770 dictum
472 1742 621 1780 poetae:
649 1738 798 1775 audio,
825 1738 935 1769 haut
961 1737 1193 1772 ausculto)
1244 1737 1298 1768 Cf.
1326 1737 1464 1770 Caecil.
1490 1747 1523 1771 u,
1553 1737 1627 1771 196.

319 1784 414 1817 Olim
432 1784 491 1816 hie
510 1783 569 1824 (fr.
589 1782 839 1823 LVII—LIX)
866 1783 1011 1824 glossas
1036 1783 1271 1824 hosticapa
1298 1782 1359 1822 (cf.
1387 1782 1502 1822 praef.
1521 1792 1610 1813 com.
1631 1781 1684 1813 ed.
1704 1793 1756 1824 pr.

230 1841 262 1872 p.
280 1829 376 1869 XII),
396 1828 746 1861 hamotrahones
765 1828 887 1865 (Pauli
905 1829 1039 1859 Festus
1057 1839 1091 1869 p.
1113 1826 1452 1869 102)‚loeut131ei,
1471 1827 1755 1865 blaterones‚

228 1875 467 1916 linguaces
494 1872 604 1914 (Gell.
630 1874 645 1904 I
674 1875 725 1911 15,
751 1872 807 1914 20)
834 1874 985 1914 inserui,
1013 1883 1104 1914 quae
1131 1876 1252 1905 tamen
1277 1883 1347 1904 non
1373 1873 1520 1904 meliore
1547 1872 1625 1903 iure
1651 1882 1755 1914 quam

228 1920 365 1951 mulssae
398 1919 496 1951 aliae
529 1921 629 1950 certo
661 1918 872 1950 testimonio
905 1918 1106 1950 destitutae
1137 1917 1347 1950 comoediae
1380 1918 1622 1949 ascribuntur.

228 1965 329 1997 LVII
355 1964 545 1996 Charisius
572 1975 605 2005 p.
626 1964 688 1995 178
706 1965 745 1995 Ρ.
773 1963 952 1994 ‘efflictim
970 1963 1133 1995 Naeuius
1150 1963 1188 1994 in
1206 1962 1409 1995 Corollaria
1427 1960 1484 2004 [1],
1510 1962 1570 1994 ubi
1595 1962 1754 1994 Probust

227 2020 342 2052 usque
368 2009 401 2044 d,
429 2011 473 2043 e,’
523 2008 595 2040 Sed
620 2008 713 2039 haec
745 2019 815 2040 non
849 2008 1093 2049 grammatici,
1127 2008 1190 2039 sed
1216 2011 1348 2049 poetae
1373 2008 1486 2039 uerba
1513 2017 1592 2039 esse
1618 2009 1757 2042 monuit

229 2054 454 2086 Ritsohelius
482 2063 605 2095 opuso
631 2054 668 2085 II
694 2055 770 2088 241,
865 2053 986 2093 LVIII
1013 2052 1200 2084 Charisius
1225 2064 1256 2094 p.
1286 2054 1347 2084 191
1375 2053 1413 2084 P.
1440 2055 1568 2093 ‘pone
1594 2063 1756 2084 uersus

228 2101 276 2132 M.
304 2100 396 2131 Cato
490 2098 578 2130 item
609 2098 703 2129 idem
725 2122 755 2130 ..
771 2123 778 2130 .
797 2098 954 2129 hostium
980 2104 997 2129 *
1021 2097 1114 2129 uilla
1140 2100 1211 2129 est’
1239 2108 1268 2129 e.
1296 2108 1328 2138 q.
1357 2108 1384 2131 s.
1440 2097 1659 2129 Comoediae
1691 2098 1755 2129 ad-

229 2145 392 2186 signauit
419 2144 666 2185 septenarium
687 2143 727 2174 L.
745 2142 901 2174 Mueller
919 2143 962 2174 de
982 2153 1018 2174 re
1038 2153 1081 2174 m.
1100 2144 1177 2176 430.
1272 2142 1355 2174 LIX
1375 2142 1566 2174 Charisius
1584 2153 1617 2184 p.
1636 2144 1699 2176 175
1717 2143 1755 2175 P.

230 2190 386 2221 ‘aliter
412 2199 477 2231 pro
496 2188 588 2220 alias
607 2188 800 2219 Sallustius
818 2187 973 2221 historia
991 2189 1023 2220 I:
1051 2191 1198 2219 sanctus
1225 2187 1335 2220 alias.
1350 2212 1357 2218 .
1373 2212 1380 2218 .
1396 2188 1498 2219 item
1524 2188 1565 2218 in
1592 2188 1669 2219 ead
1682 2199 1756 2220 em:

226 2235 411 2266 insanum’
445 2245 474 2265 e.
509 2244 540 2275 q.
574 2243 600 2264 s.
660 2233 822 2264 Turbato
853 2233 1040 2264 titulorum
1073 2232 1216 2273 ordine,
1257 2233 1301 2264 de
1333 2242 1403 2273 quo
1435 2233 1574 2264 monuit
1604 2233 1756 2273 Kessius,

228 2281 368 2311 factum
403 2282 458 2310 est
490 2282 529 2309 ut
561 2282 598 2310 et
629 2278 798 2310 Sallustii
830 2278 1033 2319 exemplum
1066 2288 1256 2320 perperam
1287 2277 1357 2309 huo
1380 2278 1645 2320 intruderetur'
1678 2289 1756 2309 eum

228 2325 313 2356 olim
340 2324 437 2355 infra
462 2323 512 2363 (in
538 2323 646 2354 titulo
673 2323 782 2355 ‘alias
809 2334 872 2365 pro
900 2320 1036 2364 aliter’)
1062 2322 1181 2355 locum
1206 2323 1414 2362 habuisset,
1441 2326 1478 2354 et
1503 2333 1582 2354 oum
1607 2323 1759 2355 nomini-

227 2371 293 2401 bus
319 2371 431 2402 uerba
459 2378 599 2410 quoque
627 2368 787 2400 eiusdem
813 2371 941 2409 poetae
957 2368 1082 2400 cornici
1105 2368 1335 2409 eiusdemque
1362 2367 1513 2399 fabulae
1532 2368 1754 2407 exciderent,

227 2415 329 2446 ouius
361 2418 488 2445 nostra
524 2417 616 2445 sunt.
667 2414 770 2453 Quod
804 2414 988 2454 perspexit
1014 2413 1055 2444 L.
1084 2412 1238 2445 Mueller
1262 2423 1350 2444 mus.
1382 2413 1497 2446 Rhen.
1529 2413 1648 2444 XXIV
1679 2414 1756 2445 242.

316 2459 379 2490 LX
409 2458 557 2491 Seruius
583 2459 619 2490 in
647 2459 733 2493 Aen.
760 2458 811 2490 IX
840 2460 901 2490 107
929 2458 1031 2490 ‘hine
1057 2461 1112 2490 est
1138 2458 1236 2500 apud
1262 2458 1422 2490 comicos
1446 2457 1661 2498 iniurius,
1696 2459 1757 2499 qui

229 2505 340 2537 audet
365 2503 503 2545 aliquid
537 2506 665 2535 eontra
692 2503 856 2535 ordinem
888 2503 1005 2535 iuris.’
1144 2503 1229 2534 LXI
1255 2503 1504 2534 Tertullianus
1530 2502 1572 2533 de
1599 2502 1712 2544 pallio
1737 2505 1757 2534 4

227 2550 393 2581 ‘tametsi
418 2549 593 2580 adoratur
618 2559 639 2580 a
664 2548 788 2589 uobis,
816 2549 877 2589 qui
903 2547 1171 2581 erubescendus
1195 2551 1269 2589 est,
1296 2547 1755 2590 Seytalosagittipel-

226 2595 346 2635 liger
372 2594 454 2634 ille,
489 2594 549 2635 qui
581 2597 694 2625 totam
728 2593 883 2635 epitheti
916 2594 972 2625 sui
997 2596 1128 2625 sortem
1161 2604 1240 2625 eum
1265 2593 1444 2634 muliebri
1461 2592 1560 2624 cultu
1587 2603 1756 2634 compen-

341 2713 392 2749 73
419 2717 546 2759 potest
578 2715 689 2748 etiam
720 2714 934 2758 septenarii
961 2713 1114 2748 iambici
1143 2715 1270 2749 exitus
1297 2712 1422 2759 fuisse
1537 2709 1757 2746 obsatullont

232 2769 270 2805 0.
303 2769 517 2805 Muellerus
548 2768 751 2804 obsatulent
782 2769 863 2804 cod.
982 2768 1032 2805 74
1067 2769 1157 2804 haud
1198 2761 1400 2804 Turnebus
1436 2769 1495 2803 aut
1525 2767 1628 2802 Flor.
1662 2771 1755 2803 teste

228 2826 279 2861 H.
313 2826 362 2861 K.
392 2830 453 2860 aut
485 2825 592 2861 Gotlz.
626 2826 757 2860 Haun.
789 2825 883 2860 Par.
915 2826 955 2870 b,
988 2837 1056 2861 om.
1091 2836 1175 2861 eccm
1206 2825 1299 2860 Par.
1334 2837 1356 2859 a
1389 2823 1615 2870 Spengselizcs

229 2877 298 2917 7417Ἱ
325 2881 498 2927 fortasse
529 2883 661 2917 melius
692 2875 1121 2929 Scytalosz'igittipelliger
1153 2882 1291 2927 efferri
1320 2882 1460 2916 monuit
1494 2879 1755 2915 Bueclcelcrzcs
