2023 3287
255 231 370 269 CXVI
855 229 920 266 AD
947 228 1184 265 TRAGICOS

256 342 479 383 adseverat
518 340 565 380 ut
605 339 717 393 quod
754 339 798 380 in
829 336 1017 395 'prologo
1048 338 1192 381 nescio
1226 352 1307 393 quo
1341 337 1530 392 fabulae,
1564 351 1691 392 quam
1723 351 1776 379 ne

254 413 346 466 ipse
380 411 549 466 quidem
581 411 768 452 indicare
801 410 963 465 potuit,
995 410 1185 464 potuerit
1216 409 1358 450 locum
1383 408 1552 450 habere.

374 483 457 524 351
490 495 661 524 suarum
680 495 817 523 rermn
835 481 980 522 inertes
1000 480 1210 535 Bergkius
1232 496 1271 534 p.
1292 480 1395 534 292,
1428 479 1570 533 inepte
1591 479 1777 533 quidem:

257 553 477 608 displicuit
508 552 592 606 ipsi
623 565 881 594 sztmmcmmn
911 566 1082 594 suarmn
1114 565 1261 593 reram.

374 624 460 666 354
491 624 536 664 in
567 624 670 678 (lies,
708 621 821 677 quod
858 623 1085 678 proposuit
1122 622 1172 663 A.
1204 621 1345 663 Luchs
1379 620 1487 662 stud.
1517 620 1539 661 I
1571 621 1644 675 66,
1683 635 1779 661 con-

258 696 371 737 sulto
404 694 636 749 repudiavi.
699 693 900 735 Hecubae
933 693 1126 748 exemplo
1161 692 1343 734 alterum
1376 694 1441 733 est
1473 690 1711 732 addendum
1731 706 1782 732 ex

256 766 525 808 Baccharum
556 764 720 805 cantico
755 765 857 805 91οε
889 762 937 805 τὸ
973 762 1019 805 o}
1052 759 1145 805 κατ’
1183 756 1299 819 ἆμαρ
1333 760 1418 820 ὅτῳ
1445 764 1593 816 βίοτος
1618 758 1782 803 Εὐδαί-

260 853 372 892 μων,
406 837 637 890 μακαρίζω.

377 907 459 948 361
486 909 616 959 potest
652 903 761 962 (sive
785 904 914 961 pote),
951 919 1177 959 numquam
1214 918 1354 958 cupere
1384 905 1530 946 desinit
1558 919 1636 959 pro
1670 904 1782 946 clau-

259 978 351 1019 sula
383 977 569 1018 iambica
601 976 762 1018 choriei
795 976 996 1018 carminis
1027 976 1160 1017 habet
1190 974 1402 1030 Bergkius
1423 974 1576 1016 Philol.
1595 974 1783 1015 XXXIII

258 1049 362 1104 274,
395 1048 517 1103 quasi
548 1048 718 1103 integra
750 1050 792 1088 et
824 1047 1023 1088 absoluta
1055 1048 1169 1087 esset
1201 1046 1424 1087 sententia.

376 1120 460 1161 366
483 1133 571 1173 sqq.
603 1118 813 1173 Bergkius
833 1134 873 1172 p.
894 1118 979 1159 292
1000 1118 1154 1158 misere
1176 1117 1367 1171 corrupit
1386 1117 1431 1157 111
1448 1117 1559 1158 hanc
1579 1117 1782 1158 formam:

435 1194 482 1231 ut
511 1189 660 1244 homo,
693 1189 765 1243 qui
796 1188 957 1229 erranti
990 1189 1169 1230 comiter
1201 1191 1416 1230 monstrat
1447 1188 1578 1243 viam,

436 1260 558 1316 quasi
588 1260 734 1301 lumen
766 1259 816 1300 de
849 1274 926 1300 suo
958 1259 1119 1300 lumine
1151 1260 1350 1300 accendit:
1387 1260 1496 1311 faces

435 1331 571 1373 nihilo
604 1331 744 1372 minus
776 1329 861 1384 ipsi
891 1330 1022 1385 lucet,
1055 1344 1151 1371 cum
1183 1330 1247 1371 illi
1279 1330 1530 1371 accenderit.

377 1403 428 1445 V.
473 1402 557 1444 379
607 1401 781 1443 laudare
833 1400 1035 1442 Cicerone
1086 1416 1211 1442 usum
1263 1401 1576 1455 Hieronymum
1626 1413 1689 1453 ep.
1734 1399 1786 1439 ad

261 1473 486 1528 Theophil.
517 1471 719 1513 LXXXII
750 1473 775 1513 3
815 1474 845 1512 t.
876 1471 897 1512 I
936 1471 975 1512 A
1013 1487 1052 1526 p.
1091 1472 1177 1513 314
1216 1471 1279 1513 ed.
1310 1471 1421 1513 Vall.
1462 1470 1629 1512 monuit
1665 1469 1785 1511 Aem.

260 1544 458 1586 Luebeck
494 1544 540 1585 in
576 1543 687 1584 libro
728 1542 776 1583 de
810 1542 1065 1597 Hieronymi
1099 1542 1345 1584 auctoribus
1377 1557 1416 1595 p.
1447 1541 1546 1582 109:
1589 1540 1787 1595 ‘antiqua

263 1616 479 1658 sententia
513 1617 596 1656 est:
628 1628 740 1668 quem
776 1614 919 1655 metuit
948 1614 1038 1666 quis
1071 1614 1173 1654 odit:
1206 1627 1321 1666 quem
1347 1613 1446 1662 odit,
1470 1613 1626 1665 perisse
1651 1610 1786 1664 cupit?

379 1688 464 1730 393
496 1685 708 1741 Bergkius
740 1685 765 1725 l.
785 1685 812 1726 l.
832 1684 936 1739 294,
967 1686 1015 1725 ut
1048 1699 1219 1725 seorsus
1252 1683 1305 1724 ab
1340 1683 1434 1724 aliis
1456 1683 1627 1737 sentiat,
1658 1681 1786 1723 hexa-

261 1761 446 1801 metrum
476 1758 522 1799 in
552 1758 635 1799 fine
667 1756 867 1798 mutilum

533 1827 709 1870 vocibu'
743 1826 915 1869 concide
947 1829 984 1868 ez}
1012 1831 1098 1878 face
1128 1827 1293 1867 musset
1324 1825 1503 1867 obrutus

263 1900 452 1956 praefert
484 1900 754 1953 alienumque
787 1914 812 1940 a
841 1897 1066 1953 tragoedia
1099 1911 1190 1939 esse
1223 1898 1378 1938 censet.

382 1971 467 2013 396
506 1969 759 2024 Adsumptis
797 1968 1007 2011 Varronis
1053 1967 1196 2010 verbis
1234 1967 1347 2008 idem
1390 1981 1430 2021 p.
1469 1966 1554 2008 293
1593 1969 1787 2021 septena-

263 2043 375 2084 rium
418 2042 535 2083 inani
581 2041 878 2096 supplemento
918 2039 1038 2080 auxit
1072 2052 1336 2094 pravumque
1373 2037 1526 2091 pedem
1562 2039 1790 2080 temeraria

264 2114 504 2155 mutatione
536 2112 700 2166 intulit3
734 2111 909 2165 scripsit
939 2111 984 2151 ni
1015 2110 1189 2151 mirum:

413 2217 451 2226 ..
483 2184 529 2225 in
558 2185 719 2224 terram
751 2182 950 2224 cadentes
983 2180 1137 2223 cubitis
1169 2179 1400 2235 pinsebant
1430 2179 1619 2222 humum.
1730 2179 1789 2236 Q

382 2254 434 2296 In
482 2253 765 2310 praetextatis
808 2268 846 2295 v.
892 2253 918 2294 2
961 2268 1000 2307 p.
1045 2251 1130 2293 279
1174 2249 1461 2293 Buecheler-us
1505 2266 1612 2293 mus.
1654 2251 1790 2294 Rhen.

265 2325 432 2367 XXVII
462 2327 546 2367 477
580 2326 730 2366 narrat
762 2323 952 2366 sodalem
985 2338 1108 2364 suum
1140 2321 1351 2376 quendam
1381 2324 1553 2377 praeter
1585 2337 1650 2377 ea,
1683 2336 1789 2377 quae

266 2398 359 2452 ipse
392 2396 590 2451 coniecit,
622 2399 783 2438 cunctat
814 2395 976 2436 servari
1008 2396 1051 2435 et
1083 2397 1163 2435 tecte
1194 2393 1388 2448 intellegi
1418 2393 1526 2435 velle
1559 2392 1724 2434 ‘caute'.

386 2468 412 2510 5
443 2467 601 2508 Iulium
631 2465 854 2507 Victorem
885 2465 1097 2520 Bergkius
1129 2464 1283 2506 Philol.
1301 2463 1490 2505 XXXIII
1514 2463 1600 2505 294
1630 2465 1789 2505 temere

269 2538 423 2579 statuit
475 2536 588 2592 apud
638 2538 855 2578 auctorem
900 2551 1023 2578 suum
1065 2535 1323 2590 repperisse:
1372 2538 1419 2576 ut
1459 2533 1639 2577 Sabinae
1680 2534 1793 2587 apud

268 2609 456 2651 Enniam
487 2608 555 2650 vel
585 2611 632 2649 ut
661 2608 828 2649 Ennius
859 2606 1037 2649 Sabinas
1065 2606 1161 2658 fecit
1190 2606 1371 2648 dicentes.

385 2678 641 2734 Indagatam
680 2693 704 2719 a
736 2678 814 2719 Th.
845 2677 1041 2731 Roepero
1080 2677 1126 2717 in
1157 2676 1515 2718 commentatione
1549 2673 1789 2716 Gedanensi

271 2765 306 2791 a.
342 2749 451 2791 1869
484 2750 801 2803 praetextatam
834 2748 997 2790 scilicet
1021 2748 1267 2789 Ennianam
1286 2746 1561 2799 Scipionem
1594 2746 1707 2800 quod
1736 2760 1790 2786 ne

270 2820 486 2860 mentione
534 2819 705 2873 quidem
752 2819 926 2874 dignam
971 2818 1196 2860 habuerim
1233 2831 1321 2858 non
1364 2816 1454 2857 sine
1494 2815 1790 2871 indignatione

270 2903 405 2944 nuper
436 2890 481 2930 in
505 2889 792 2932 Leutschiano
825 2889 963 2931 indice
994 2888 1257 2943 philologieo
1289 2887 1371 2930 vol.
1391 2885 1431 2927 V
1462 2902 1502 2940 p.
1523 2885 1578 2928 55
1610 2886 1789 2928 miratus
