2023 3287
266 236 342 277 172
865 236 906 268 L.
936 236 1176 269 AFRANIVS

856 339 1187 382 DIVORTIVM

961 416 981 457 Ι
1015 415 1080 472 (1)

827 494 898 547 qui
931 495 1082 535 concire
1114 498 1244 536 noctu
1277 494 1517 536 clanculum

377 572 467 613 Rus
501 570 580 626 fre,
613 559 756 612 dotein
788 572 842 611 ne
873 571 1165 625 repromittas,
1198 572 1328 625 uafer,

378 648 568 690 Honeste
601 650 649 689 ut
680 648 821 688 latites
855 649 897 688 et
928 663 1007 689 nos
1039 649 1160 690 ludas
1194 648 1362 689 diutius.

937 736 980 777 ΙΙ
1036 738 1083 777 11

290 814 346 855 50
379 812 486 855 Cum
518 814 777 855 testamento
809 814 950 868 patria
981 736 1183 868 1){1·ti)sset
1214 813 1329 855 bona

927 901 992 943 III
1025 901 1119 956 (12)

378 978 500 1028 Quod
533 978 626 1020 uult
658 978 811 1019 diserte
844 979 1035 1033 pactum,
1066 979 1173 1020 haut
1205 979 1364 1021 dictum

927 1067 990 1109 IV
1023 1067 1116 1123 (10)

379 1146 413 1185 O
447 1143 626 1199 ‹lsgnum
658 1143 842 1185 facinus!
879 1145 1162 1186 adulescentis
1196 1147 1393 1199 optumas

376 1222 494 1262 Bene
527 1221 850 1273 conuenienteS,
885 1220 1023 1278 [bene]
1059 1223 1288 1264 concordes
1321 1225 1416 1263 cum
1450 1223 1551 1263 uiris

379 1298 571 1352 Repente
605 1298 756 1339 uiduas
789 1298 925 1339 factas
959 1299 1162 1352 spurcitia
1194 1299 1347 1353 patris!

351 1429 571 1460 vaou'mvm
620 1428 880 1470 Argumentum
914 1428 1020 1470 quale
1048 1429 1097 1460 sit
1123 1432 1277 1470 apparet
1302 1430 1456 1460 maxime
1483 1439 1525 1460 ex
1555 1429 1595 1462 fr.
1622 1430 1638 1460 1
1665 1432 1700 1461 et
1726 1429 1784 1460 IV.

261 1476 463 1506 Praeterea
495 1473 752 1504 meretriculae
786 1484 902 1505 mores
937 1484 1116 1514 agnoscas
1149 1474 1191 1505 fr.
1223 1474 1325 1505 VIII:
1363 1474 1406 1505 de
1440 1474 1649 1515 exponendo
1682 1478 1786 1516 partu

260 1519 398 1550 dicitur
426 1519 469 1551 fr.
496 1518 557 1550 IX.
608 1520 709 1558 Quae
737 1529 815 1549 cum
842 1529 930 1550 sane
958 1529 1001 1550 ex
1026 1519 1104 1560 ipso
1131 1519 1363 1560 reliquiarum
1391 1529 1485 1550 nexu
1518 1519 1670 1560 quodam
1696 1520 1786 1551 satis

261 1574 440 1606 superque
475 1562 662 1603 eluceant,
695 1563 807 1595 semel
840 1563 1019 1596 monenda
1050 1563 1135 1595 duxi
1166 1568 1315 1606 propter
1339 1564 1621 1603 Neukiruhium,
1656 1565 1719 1605 qui
1751 1565 1784 1595 in

259 1608 450 1640 narrandis
482 1608 617 1640 fabulis
650 1608 794 1639 nimium
823 1612 999 1649 quantum
1025 1608 1220 1640 allucinari
1253 1609 1356 1643 solet.
1404 1609 1513 1640 Velut
1542 1610 1570 1641 si
1599 1610 1785 1641 Menandri

261 1648 482 1695 Μισογύνης
509 1653 613 1685 1101110
640 1654 902 1693 inducebatur,
930 1657 1049 1696 ‘quem
1076 1664 1188 1686 uxore
1215 1654 1250 1685 in
1278 1654 1545 1685 matrimonium
1575 1654 1683 1686 ducta
1708 1666 1787 1686 mox

261 1699 353 1731 adeo
374 1699 465 1730 facti
491 1699 685 1740 poenituit,
712 1702 751 1730 ut
769 1699 942 1741 quicquid
962 1710 1006 1731 ea
1025 1703 1167 1740 ageret,
1195 1699 1514 1731 uehementissime
1535 1700 1612 1731 eius
1632 1700 1786 1731 animum

262 1745 437 1777 irritaret.
466 1762 507 1765 —
534 1747 709 1784 tantoque
740 1744 777 1775 in
809 1755 888 1776 eam
914 1744 996 1776 odio
1023 1744 1290 1778 exardesceret,
1324 1748 1363 1775 ut
1386 1753 1430 1775 ne
1458 1745 1685 1785 grauissimis
1712 1746 1788 1785 qui-

257 1790 337 1821 dem
370 1790 566 1821 amicorum
599 1789 906 1821 admonitionibus
938 1789 982 1821 ad
1013 1789 1192 1821 saniorem
1227 1790 1406 1822 rationem
1439 1791 1599 1821 reuocari
1633 1792 1787 1831 posset‚’

260 1833 457 1876 (Meinekii
488 1835 602 1866 uerba
634 1837 718 1865 sunt
752 1846 785 1875 p.
815 1833 894 1876 112)
927 1835 1029 1876 quid,
1064 1845 1218 1877 quaeso,
1258 1835 1291 1866 ei
1325 1845 1403 1865 cum
1431 1835 1574 1866 Afranii
1607 1835 1785 1875 Diuorti0‚

259 1879 366 1921 quale
394 1880 436 1910 fr.
465 1879 514 1910 1V
541 1880 869 1919 circumscribitur,
896 1879 1091 1911 conuenire
1119 1880 1212 1912 serio
1240 1879 1411 1912 contendi
1437 1881 1582 1921 potest?
1678 1880 1691 1910 1
1718 1880 1786 1911 No—

260 1926 338 1956 nius
364 1927 417 1964 20,
446 1926 460 1956 1
489 1925 678 1956 ‘uufrum
705 1928 763 1956 est
788 1925 958 1956 callidum
985 1929 1021 1955 et
1047 1925 1150 1966 quasi
1175 1924 1282 1956 ualde
1308 1924 1433 1956 Afrum
1462 1928 1499 1955 et
1526 1925 1702 1956 urbanum
1723 1950 1730 1957 .
1748 1949 1755 1956 .

258 1970 431 2001 Afranius
450 1970 634 2002 Diuortio:
663 1970 738 2011 qui'
759 1980 788 2003 e.
809 1980 840 2011 q.
862 1980 888 2001 S.
981 1970 1017 2002 II
1035 1970 1172 2000 Nonius
1190 1971 1267 2010 475,
1287 1971 1329 2001 20
1348 1970 1551 2010 ‘partire’
1579 1971 1614 2010 (p
1625 1970 1788 2001 artiret

259 2014 313 2046 ed.
340 2013 472 2056 princ.)
502 2017 581 2056 ‘pro
607 2015 830 2056 partiretur.'
939 2015 994 2046 111
1020 2016 1160 2046 Nonius
1186 2016 1262 2053 509,
1287 2016 1329 2045 22
1355 2014 1545 2046 ‘diserte
1572 2019 1608 2046 et
1634 2025 1787 2046 consue-

260 2060 385 2091 tudine
418 2060 552 2091 dicitur
584 2064 620 2091 et
650 2059 800 2091 Afranio
832 2063 982 2091 auctore
1023 2060 1060 2090 in
1092 2060 1277 2091 Dium-tio:
1318 2059 1428 2100 quod’
1463 2070 1493 2091 e.
1526 2070 1559 2101 q.
1594 2071 1621 2093 s,
1737 2059 1787 2090 IV

259 2105 399 2136 Nonius
431 2105 512 2142 394,
548 2106 561 2135 1
598 2108 846 2146 ‘spurcum‚
884 2115 1031 2136 saeuum
1067 2105 1128 2136 uel
1165 2104 1438 2146 sanguinarium
1469 2128 1477 2135 .
1505 2129 1513 2136 .
1540 2131 1548 2138 .
1575 2131 1583 2139 .
1615 2105 1788 2137 Afranius

376 2223 425 2260 48
458 2235 518 2259 rus
550 2224 600 2259 ire
624 2224 844 2260 Gulielmius
877 2225 996 2260 Veris.
1022 2223 1046 2259 I
1073 2223 1095 2259 2
1128 2223 1267 2260 brusire
1300 2224 1346 2259 W
1364 2224 1468 2260 Leid.
1493 2223 1632 2259 bursire
1659 2224 1788 2260 Urbin.

262 2281 340 2317 307
467 2281 692 2328 repromittas
733 2281 952 2317 Gulielmius
983 2281 1209 2328 repromittat
1237 2282 1328 2316 libri
1441 2279 1493 2316 49
1525 2279 1625 2315 ludas
1650 2280 1789 2316 Guliel—

260 2340 354 2373 mius
386 2336 507 2372 laudas
537 2337 627 2372 libri
740 2337 794 2374 50
824 2338 936 2384 partis
959 2342 994 2372 et
1018 2337 1149 2372 Bamb.
1175 2337 1277 2373 Leid.
1301 2339 1401 2373 alter
1431 2337 1581 2384 partiret
1601 2337 1643 2372 L.
1668 2336 1790 2373 Muel-

258 2395 316 2429 ler
348 2404 440 2429 mus.
474 2393 596 2428 Rben.
621 2393 743 2428 XXV
770 2393 864 2438 632,
897 2394 992 2440 fort.
1027 2398 1131 2429 recte
1248 2393 1297 2429 51
1333 2394 1417 2428 haut
1448 2395 1590 2438 scripsi
1613 2398 1672 2428 aut
1701 2394 1790 2429 libri

259 2462 296 2485 ac
331 2451 385 2486 ed.
424 2449 531 2486 1480
649 2449 909 2495 Supplemlum
946 2461 1029 2486 esse
1061 2461 1091 2485 e.
1124 2462 1156 2485 c.
1198 2448 1383 2485 temeriter
1419 2451 1566 2485 conicio
1682 2448 1733 2485 52
1766 2460 1786 2484 0

261 2506 446 2554 indignum
478 2506 608 2541 DeIrio
640 2507 691 2541 ad
721 2506 807 2541 Seri.
842 2507 998 2552 Hippol.
1028 2506 1130 2552 620,
1160 2507 1299 2552 probat
1322 2505 1605 2542 CFWMue-ner
1629 2506 1785 2551 prosod.

264 2563 385 2598 Pluut.
422 2562 513 2597 722.
577 2573 596 2597 o
629 2562 744 2597 dirum
776 2564 836 2598 uel
866 2563 1024 2610 stygium
1056 2563 1097 2597 L.
1127 2562 1292 2598 Mueller
1323 2563 1468 2598 annuli.
1497 2562 1644 2608 philon.
1680 2560 1785 2597 1867

254 2631 294 2664 p.
317 2618 413 2663 492,
445 2619 489 2653 de
520 2619 655 2664 quibus
686 2621 906 2655 commentis
937 2623 1042 2655 recte
1073 2620 1218 2655 iudicat
1239 2618 1432 2665 Berylcius
1463 2618 1608 2653 amzall.
1638 2618 1784 2663 philoll.

265 2674 370 2711 1870
390 2686 429 2720 p.
455 2673 534 2710 836
559 2679 594 2709 el
619 2675 794 2720 probans
824 2674 1011 2722 indignum
1040 2686 1108 2710 nec
1131 2674 1279 2722 dignum
1310 2674 1532 2720 inprobitas.
1622 2673 1673 2709 53
1696 2672 1787 2709 hene

258 2731 454 2766 concordes
487 2733 629 2776 scripsi
657 2730 877 2776 concordes,
909 2743 977 2767 om.
1012 2731 1124 2776 bene,
1161 2732 1251 2767 libri
1287 2729 1555 2776 concordesque
1585 2728 1722 2765 Iunius
1753 2735 1787 2764 et

259 2786 455 2822 concordes
495 2787 657 2823 Bollzius
695 2786 957 2823 concordantes
996 2788 1037 2823 L.
1072 2787 1237 2823 Mueller
1351 2786 1435 2821 uiris
1469 2785 1646 2821 Muretus
1697 2786 1785 2821 Vur.

260 2844 344 2878 lect.
379 2843 421 2878 X
431 2843 525 2879 VIII
558 2843 609 2879 10
639 2843 734 2879 uires
765 2844 870 2888 libri,
903 2849 943 2880 ut
971 2844 1144 2890 fortusse
1175 2843 1282 2878 uireis
1314 2844 1498 2888 scriptum
1529 2844 1698 2878 extiterit

261 2897 312 2933 54
344 2898 451 2934 factas
485 2899 714 2936 Gerlachius
743 2899 848 2935 facias
877 2901 966 2936 libri
994 2900 1097 2935 saciat
1127 2899 1303 2935 Muretus
