2023 3287
269 280 351 320 280
787 280 1003 311 DECIMVS
1031 279 1266 312 LAssEfflvs

796 382 999 431 AQVAE
1033 382 1265 425 CALDAE

972 460 991 500 1
1025 458 1089 515 (1)

603 540 644 578 et
675 538 760 578 iam
792 537 860 577 hic
893 552 958 577 1118
992 537 1178 591 optimus
1212 541 1384 578 somnus
1417 538 1589 591 premit,

331 616 357 655 ἵ)
390 615 451 656 Vt
481 614 687 668 premitur
720 614 812 668 glis.

961 701 1003 742 H
1037 700 1102 757 (2)

390 779 644 833 podagricus

947 866 1119 907 ARIES

390 941 477 984 Vix
509 943 698 984 sustineo
732 944 876 985 clunes
911 941 1076 999 [lassas]
1143 950 1147 952 “

931 1065 1135 1108 AVGVR

275 1144 341 1197 879
1052 1144 1229 1198 largiter
1260 1142 1344 1184 feci
1371 1144 1477 1185 lueri

364 1313 491 1350 AQvAE
521 1315 669 1345 CALDAE
718 1315 730 1345 I
759 1315 899 1346 Nonius
928 1316 1001 1354 119,
1027 1315 1069 1345 24
1101 1315 1220 1356 ‘glis,
1253 1314 1500 1346 nominatiuus
1531 1315 1575 1346 ab
1610 1325 1668 1354 eo,
1701 1315 1796 1355 quod

276 1363 358 1390 sunt
384 1359 506 1399 glires
555 1359 736 1390 Laberius
770 1360 805 1390 in
831 1360 943 1400 Aquis
971 1359 1103 1390 caldis:
1138 1360 1261 1390 etiam’
1289 1370 1319 1392 e.
1348 1370 1380 1400 q.
1407 1369 1434 1390 Β.
1489 1359 1635 1390 Laudat
1660 1359 1796 1400 aliquis

276 1404 473 1435 salutarem
508 1414 682 1446 aquarum
716 1404 887 1436 effectum
1002 1405 1036 1435 Π
1063 1404 1251 1436 Charisius
1276 1404 1292 1435 1
1317 1415 1349 1445 p.
1376 1405 1418 1436 58
1442 1404 1481 1435 Ρ.
1509 1399 1749 1446 ‘podagrosus
1775 1415 1796 1436 a

276 1449 439 1491 podagra
472 1450 566 1480 bene
598 1449 745 1489 dicitur,
779 1449 841 1480 sed
875 1452 910 1480 et
944 1449 1159 1490 podagricus
1194 1460 1214 1480 a
1246 1448 1378 1490 pedum
1410 1449 1658 1490 aegritudine,
1696 1450 1797 1481 cuius

278 1494 480 1535 exemplum
508 1493 604 1535 apud
629 1494 825 1525 Laberium
854 1498 909 1525 est
939 1495 975 1525 in
1001 1495 1115 1535 Aquis
1141 1494 1288 1526 calidis:
1322 1493 1596 1535 podagricus
1622 1505 1704 1526 non
1731 1505 1797 1526 re-

277 1539 448 1572 cessit.’
498 1539 555 1570 Ita
582 1538 724 1580 quidem
751 1539 964 1570 Putsehius:
998 1539 1060 1570 sed
1092 1540 1304 1581 ‘podagrosz
1344 1550 1365 1570 a
1396 1539 1557 1580 podagra
1590 1539 1679 1570 bene
1707 1539 1797 1571 dici-

275 1587 334 1614 tur
361 1583 424 1614 scd
451 1588 485 1614 et
511 1584 703 1625 podagrie:
730 1582 767 1625 [a
792 1582 852 1625 pe]
880 1583 925 1614 (111
949 1582 1100 1626 [aegri]
1130 1585 1145 1623 ΙΙ
1174 1583 1298 1615 tudine
1327 1584 1428 1615 euius
1449 1584 1650 1625 exemplum
1678 1582 1723 1625 αἶ)
1746 1584 1797 1615 la·

276 1627 379 1660 beriti
392 1632 447 1660 est
465 1629 507 1659 in
526 1629 662 1669 Aquis
681 1651 929 1663 ..........
946 1630 960 1668 ΙΙ
982 1629 1209 1660 Aeditumus’
1229 1640 1259 1660 0.
1276 1638 1308 1669 q.
1326 1639 1354 1660 S.
1394 1628 1471 1660 cod.
1492 1633 1583 1660 teste
1600 1629 1643 1663 H.
1662 1629 1797 1669 Keilio,

278 1674 338 1714 qui
363 1673 555 1704 adnotauit
582 1674 725 1705 litteras
752 1684 773 1705 a
794 1683 859 1715 pe,
888 1674 1030 1714 aegri,
1058 1675 1099 1704 in
1125 1673 1258 1715 Aquis
1283 1675 1327 1704 al»
1353 1674 1433 1715 ipso
1460 1674 1605 1714 quidem
1631 1675 1700 1706 iam
1725 1675 1799 1715 legi

277 1729 349 1750 non
380 1719 561 1759 potuisse,
594 1719 657 1750 sed
691 1718 858 1750 editionis
890 1719 1003 1760 princ.
1037 1719 1255 1750 auctoritate
1287 1719 1378 1750 satis
1411 1718 1572 1753 defendi.
1631 1719 1799 1751 Ceterum

279 1763 461 1795 secundae
488 1763 607 1794 lineae
640 1773 712 1794 non
746 1763 825 1804 plus
857 1767 937 1795 octo
963 1763 1023 1795 uel
1048 1763 1171 1795 decem
1200 1764 1343 1795 litteras
1368 1763 1515 1804 deesse,
1542 1763 1605 1795 sed
1631 1765 1799 1805 quoniam

279 1808 353 1839 alia
379 1808 421 1840 de
449 1807 630 1840 aeditumo
657 1808 796 1839 notatio
822 1812 1013 1850 sequatur,
1041 1819 1086 1840 ne
1114 1809 1165 1840 eis
1192 1808 1336 1850 quidem
1354 1819 1506 1841 necesse
1532 1808 1642 1840 fuisse
1666 1809 1800 1841 lineam

279 1852 464 1894 compleri.
513 1854 617 1893 Quod
649 1854 761 1894 uulgo
794 1853 910 1885 fertur
936 1853 1138 1894 exemplum
1171 1854 1439 1895 podagricus
1472 1864 1556 1887 non
1589 1855 1798 1894 recessit,

280 1899 368 1930 item
395 1899 431 1929 in
457 1898 512 1931 ed.
538 1908 590 1939 pr,
617 1903 654 1930 et
679 1898 774 1940 apud
800 1899 1008 1930 Fabricium
1033 1898 1273 1932 desideratur.

369 1955 483 1986 Amas
531 1954 751 1986 Charisiusl
779 1966 811 1996 p.
831 1956 872 1987 78
890 1956 925 1986 P.
952 1955 1123 1986 ‘clunes
1151 1955 1323 1987 feminino
1350 1965 1482 1996 genere
1510 1955 1600 1986 dixit
1617 1955 1799 1996 Melissus,

281 2003 317 2031 et
354 1999 465 2030 habet
500 2004 684 2031 auctorem
718 2000 933 2039 Laberium,
972 2003 1032 2041 qui
1062 2001 1099 2031 in
1131 2001 1254 2031 Ariete
1293 2000 1346 2031 sic
1379 2001 1448 2030 ait:
1486 2001 1558 2031 uix
1599 2001 1800 2032 sustineo

281 2045 432 2076 clunes
459 2044 646 2089 scquola
673 2048 714 2076 et
740 2045 954 2075 Horatius
986 2048 1026 2076 et
1057 2044 1206 2076 lassas
1240 2045 1423 2078 clunes)
1481 2045 1554 2085 (Sic
1580 2045 1658 2078 cod.
1684 2045 1800 2087 Neap.

282 2089 421 2121 ‘clunes
447 2088 610 2121 melissus
643 2089 731 2120 femi*
759 2088 850 2120 dixit
881 2091 1020 2120 oratius
1045 2093 1082 2120 et
1106 2089 1221 2121 lassos
1248 2089 1398 2121 culunes
1423 2093 1458 2121 et
1490 2090 1618 2121 melius
1644 2094 1724 2122 mas
1749 2088 1801 2122 di-

283 2134 390 2165 citur’
425 2137 599 2175 excerpta
630 2135 748 2166 Paris.
790 2132 932 2165 Collato
965 2135 1135 2175 anonymi
1166 2134 1208 2165 de
1241 2134 1359 2165 dubiis
1394 2145 1487 2166 nom.
1521 2135 1617 2176 apud
1644 2135 1800 2167 Keilium

282 2178 354 2211 uol.
380 2178 410 2208 V
436 2189 468 2219 p.
495 2180 560 2210 575
587 2179 796 2210 testimonio
822 2178 888 2222 hoc
913 2179 1055 2210 ‘clunes
1081 2180 1225 2220 generis
1252 2179 1427 2216 feminini,
1453 2183 1493 2211 ut
1511 2179 1705 2212 Scaeuola}
1732 2181 1802 2212 las-

282 2234 342 2255 sas
369 2222 509 2254 clunes’
535 2224 583 2255 M.
609 2224 795 2265 Hauptius
821 2224 857 2254 in
883 2223 992 2255 Ouidi
1019 2224 1181 2255 Halieut.
1211 2235 1242 2265 p.
1271 2225 1323 2262 74,
1350 2234 1455 2265 quem
1482 2224 1626 2256 Keilius
1653 2230 1802 2256 secutus

283 2272 355 2308 est,
382 2268 434 2299 sic
460 2269 626 2310 scripsit:
653 2269 728 2299 uix
753 2269 958 2300 sustineo
985 2268 1288 2301 clunes....et
1322 2269 1556 2301 Horatius:
1591 2269 1802 2311 pulchrae

283 2313 453 2353 clunes,
486 2317 527 2345 et
558 2313 794 2345 Scaeuola:
836 2313 984 2344 lassas
1023 2314 1196 2345 clunes:
1235 2314 1278 2346 de
1312 2313 1492 2346 Scaeuola
1523 2318 1630 2356 poeta
1661 2314 1802 2347 lasciuo

284 2358 487 2400 ‹lisputauit
512 2358 606 2390 idem
634 2360 669 2389 111
695 2369 764 2390 soc.
791 2358 922 2390 Saxon.
949 2359 1084 2391 annall.
1112 2360 1197 2390 1846
1222 2370 1256 2400 p.
1282 2360 1325 2391 49
1349 2359 1443 2400 sqq.)

373 2415 504 2447 Avovn
552 2414 742 2447 Charisius
768 2415 803 2447 II
829 2427 863 2457 p.
894 2417 956 2447 183
975 2416 1014 2448 Ρ.
1043 2415 1253 2456 ‘largiter
1278 2416 1375 2448 idem
1401 2416 1588 2449 Modestus
1615 2418 1667 2448 ait
1694 2427 1804 2458 quan-

284 2461 417 2493 titatis.
465 2460 633 2502 Denique
658 2461 841 2493 Laberius
875 2462 911 2491 in
936 2461 1102 2501 Augure:
1134 2461 1347 2503 largiter,
1380 2462 1513 2503 inquit,
1541 2462 1658 2493 lucri
1686 2462 1803 2496 feci.’

398 2650 423 2686 4
456 2651 594 2698 opimus
617 2650 883 2697 Passeratius,
915 2663 987 2698 quo
1019 2652 1071 2686 acl
1089 2652 1338 2697 supplendum
1369 2652 1561 2688 senarium
1587 2654 1642 2687 uti
1665 2654 1802 2697 possis,

287 2712 320 2744 si
351 2712 438 2743 (mle
460 2707 616 2754 optimus
637 2710 787 2743 inseras
903 2708 925 2743 5
959 2712 997 2742 ut
1027 2708 1201 2754 premitur
1222 2719 1288 2744 ms.
1312 2708 1433 2743 Fabri
1453 2708 1665 2755 opprimitur
1687 2711 1807 2744 ceteri

285 2766 376 2801 libri
411 2775 453 2799 eo
492 2764 666 2810 premitur
697 2764 869 2800 Bollzz‘us.
939 2763 1175 2800 Comicieham
1207 2775 1278 2812 quo
1325 2764 1518 2811 premitur,
1565 2769 1604 2799 ut
1649 2764 1805 2809 scripsit

288 2821 554 2865 Passeratius,
597 2821 656 2855 uel
694 2831 766 2867 quo
806 2820 1019 2867 opprimitur
1141 2825 1175 2854 et
1206 2821 1270 2856 iam
1311 2820 1365 2856 1110
1396 2832 1450 2855 1118
1489 2821 1628 2867 opimus
1659 2817 1804 2855 somnus

287 2878 436 2924 premit,
468 2875 680 2922 opprimitur
701 2876 769 2922 glis
804 2873 915 2926 [quali
937 2872 1029 2924 fere]
1055 2878 1094 2912 L.
1120 2877 1284 2913 Mueller
1304 2887 1396 2912 mus.
1418 2877 1540 2912 Rhen.
1562 2877 1704 2912 XXIV
1724 2875 1803 2914 243

401 2933 424 2968 8
456 2942 510 2978 sq.
544 2931 610 2967 feci
641 2931 729 2967 lucri
761 2933 1023 2968 Buecheler-us
1054 2933 1141 2968 lucri
1173 2931 1251 2979 (luti
1284 2929 1380 2980 cod.)
1415 2932 1480 2968 feci
1515 2931 1711 2969 Charisius
