2023 3287
271 233 325 271 :32
783 232 1040 265 CAECILIVS
1068 234 1264 265 STATIVS

392 336 499 376 'hilo
534 336 643 376 idem
681 336 750 375 ubi
785 335 866 375 eris
899 337 1196 390 experrectus?

957 418 1019 459 IV
1053 417 1119 475 (3)

676 530 681 535 .
746 493 880 548 quid?
913 495 1017 535 mihi
1049 510 1137 537 non
1171 498 1270 536 sunt
1303 496 1510 536 balneae?

745 582 783 623 V
818 582 968 637 (Licin.
1002 584 1128 625 Imbr.
1162 585 1241 624 inc.
1275 582 1320 638 2)

391 658 609 713 Resupina
642 659 812 713 obstipo
846 660 1032 713 capitulo
1067 661 1145 701 sibi
1179 661 1355 701 uentum
1388 659 1527 700 faeere
1559 659 1751 700 tunicula

868 746 929 787 VI
963 746 1128 801 (Vmbr.
1166 748 1208 801 1)

276 826 357 865 101)
389 822 495 879 'Age
529 838 625 878 age,
663 824 675 863 i
709 821 856 877 puere,
896 823 974 864 (1116
1014 838 1080 864 1116
1121 824 1172 864 ad
1206 825 1368 878 patrios
1400 823 1512 865 fines
1554 824 1799 866 decoratum

1124 901 1315 955 opipare!

273 1022 587 1061 experrectum
607 1018 709 1049 facit.
738 1018 904 1058 quamuis
922 1017 1163 1049 uetustissimi
1185 1019 1294 1049 etiam
1315 1019 1526 1060 expergitus
1545 1018 1717 1050 dicebaut
1735 1044 1742 1050 .
1764 1043 1770 1049 .
1793 1046 1799 1051 .

271 1065 453 1095 Caecilius
486 1074 570 1095 uero
604 1062 799 1094 secundum
831 1062 1041 1103 analogiam
1072 1063 1224 1104 protulit
1255 1064 1292 1094 in
1324 1064 1471 1095 Imbris:
1505 1062 1603 1094 mihi'
1637 1074 1666 1097 6.
1701 1073 1734 1104 q.
1771 1073 1800 1095 s.

270 1108 515 1152 (Caessilius
548 1108 634 1149 Reg.
667 1107 851 1139 Caelius
889 1107 989 1138 Grut.
1025 1107 1134 1138 IIalb.
1169 1108 1282 1148 Bong.
1316 1108 1425 1140 Barb.
1459 1107 1612 1140 Carolir.
1654 1108 1802 1140 celius

269 1156 378 1195 sang.
406 1154 588 1185 Coelius
606 1153 730 1183 Bamb.
802 1152 889 1183 Imb
902 1152 985 1183 riis
1003 1152 1211 1184 Meinekius
1234 1154 1329 1184 Men.
1350 1156 1386 1184 et
1404 1153 1496 1184 Phil.
1525 1164 1556 1194 p,
1575 1153 1618 1185 98
1644 1153 1801 1184 imbris

270 1199 369 1238 libri,
396 1199 465 1229 111ςί
493 1198 584 1240 quod
611 1197 777 1228 umbris
802 1208 846 1228 111,
866 1199 884 1228 2
905 1197 992 1237 neg.
1014 1202 1049 1228 et
1071 1197 1193 1238 Halb.)
1286 1198 1335 1230 IV
1362 1199 1500 1229 Nonius
1520 1199 1595 1237 194,
1623 1199 1660 1229 11
1689 1198 1724 1230 ‘b
1737 1198 1800 1229 al-

270 1255 382 1275 neae
402 1244 558 1275 nominis
578 1242 745 1274 feminini
765 1267 771 1273 .
794 1266 825 1276 ..
846 1242 1029 1273 Caecilius
1047 1242 1084 1272 in
1101 1243 1251 1274 Imbris:
1279 1243 1379 1284 quid'
1400 1254 1429 1277 e,
1449 1253 1484 1283 q.
1505 1254 1530 1274 s.
1585 1243 1641 1282 (in
1667 1243 1776 1284 phoe
1790 1260 1801 1264 -

270 1290 334 1319 bis
354 1290 482 1321 Ili-bin.
502 1289 586 1320 308:
614 1298 659 1318 au
679 1298 722 1318 ex
742 1288 768 1317 E
780 1287 939 1328 phebis
958 1287 1086 1318 fabula
1105 1291 1263 1319 ceterum
1282 1288 1426 1329 ignota,
1446 1288 1516 1319 nisi
1536 1287 1630 1328 quod
1650 1287 1801 1319 Laberii

272 1335 299 1365 E
312 1334 479 1375 phebus
506 1333 696 1371 laudatur,
722 1332 823 1363 loeus
847 1331 1018 1371 excidit?)
1114 1332 1143 1362 V
1169 1333 1301 1364 Festus
1329 1343 1364 1374 p.
1387 1334 1448 1364 193
1467 1333 1514 1364 M.
1542 1333 1799 1374 ‘obstipum‚

271 1379 469 1419 obliquum.
519 1378 657 1409 Ennius
684 1395 715 1397 2
737 1376 922 1408 Caecilius
942 1377 978 1407 in
998 1378 1048 1407 im
1061 1377 1178 1408 bros:
1205 1378 1390 1418 resupina'
1420 1388 1449 1410 6.
1471 1388 1503 1417 q.
1524 1387 1551 1408 s.
1583 1376 1636 1420 (C.
1658 1379 1694 1408 in
1719 1378 1801 1408 Im-

272 1425 365 1454 bris
391 1423 432 1454 O.
452 1422 650 1454 Muellerus
670 1422 712 1454 C.
739 1423 781 1452 in
807 1422 978 1453 Imbres
997 1423 1223 1461 Augustinus
1241 1423 1276 1453 in
1295 1433 1364 1463 mg.
1392 1422 1603 1453 Licinius
1629 1422 1801 1454 Imbrex

271 1468 419 1508 Aldina)
512 1467 562 1499 VI
590 1467 800 1498 Priscianus
827 1467 874 1498 VI
900 1468 920 1498 8
946 1477 978 1507 p.
1005 1467 1068 1498 697
1089 1468 1128 1498 P.
1155 1467 1228 1498 ‘hie
1247 1471 1284 1498 et
1308 1467 1401 1498 haee
1426 1477 1533 1508 puer
1557 1467 1802 1498 uetustissimi

270 1513 467 1554 protulisse
493 1512 730 1543 inueniuntur
755 1535 762 1543 .
783 1535 790 1543 .
814 1536 821 1542 .
848 1510 1027 1542 Caecilius
1061 1513 1097 1542 in
1123 1511 1297 1545 Imbris:
1332 1514 1415 1553 age'
1442 1523 1473 1543 e.
1501 1522 1533 1553 q.
1562 1521 1588 1543 s.
1628 1511 1802 1552 (Imbris

270 1558 476 1589 Meinekius
516 1557 540 1589 1.
573 1556 594 1587 l.
632 1568 665 1598 p.
695 1557 737 1588 89
774 1556 941 1588 umbris
974 1555 1072 1597 libri)
1122 1556 1331 1588 Thesaurus
1364 1567 1446 1587 nou.
1478 1557 1560 1588 Lat.
1593 1557 1629 1587 in
1660 1557 1701 1588 A.
1727 1556 1803 1588 Mai

272 1608 365 1635 auct.
384 1603 489 1634 class.
510 1601 597 1633 VIII
617 1603 682 1633 390
709 1604 762 1633 ‘et
789 1601 873 1632 inde
900 1601 1085 1642 opipare
1112 1601 1195 1633 adu.
1223 1602 1278 1632 -i-
1304 1601 1571 1642 habundanter,
1596 1601 1692 1633 unde
1711 1600 1802 1633 Cae-

278 1648 403 1679 cilius:
439 1649 525 1689 age’
554 1657 586 1680 e.
615 1657 647 1688 q.
676 1657 704 1678 s.
754 1646 894 1678 Ibidem
924 1647 988 1678 407
1022 1649 1081 1678 ‘et
1114 1646 1301 1678 sciendum
1333 1646 1428 1687 quod
1460 1647 1603 1688 antiqui
1630 1646 1803 1678 dicebant

273 1766 424 1802 Krelzlz'i
454 1764 598 1800 sordido
632 1765 774 1801 Veneta
799 1766 817 1800 1
854 1765 963 1801 surdo
987 1767 1228 1802 coniecerant
1260 1768 1518 1812 septenarium
1541 1777 1563 1801 α
1595 1765 1680 1800 mihi
1707 1776 1798 1811 pro-

271 1825 421 1859 nomine
442 1821 631 1868 incipiens
748 1821 858 1857 surdo
883 1821 967 1857 mihi
990 1819 1185 1857 Dormitum
1208 1821 1487 1858 Fleckeisemcs
1592 1821 1800 1856 (liormitum

273 1879 296 1925 (i
327 1891 388 1924 pr.
423 1878 540 1922 cras.)
580 1877 689 1913 Grac.
728 1878 902 1913 domitum
944 1877 1060 1925 Sany.
1177 1877 1302 1913 suadet
1334 1884 1372 1913 ut
1404 1889 1478 1913 eam
1511 1883 1546 1913 et
1577 1878 1605 1912 si
1639 1888 1707 1924 ego
1739 1876 1801 1912 ob-

273 1935 478 1970 dormiuero
502 1934 585 1980 (om.
610 1932 810 1981 quisquam)
836 1933 952 1980 Scmq.
986 1932 1111 1968 suadet
1133 1932 1274 1983 (suadet
1294 1933 1426 1980 Hcclh.)
1444 1940 1483 1968 ut
1505 1944 1579 1968 eam
1613 1933 1801 1980 quisquam

274 1991 441 2038 (quisque
475 1990 595 2025 Bari).
630 1989 808 2035 Carolir.)
847 1995 881 2025 ct
912 1990 942 2024 si
980 2000 1048 2037 ego
1081 1988 1334 2025 obdormiuero
1375 1989 1617 2035 (obdormiero
1651 1988 1802 2034 Bamb.)

274 2049 393 2082 celeri
432 2047 536 2092 boni,
576 2056 670 2093 qzcos
700 2046 977 2082 Fleelceisemcs
1016 2051 1050 2082 et
1081 2045 1346 2082 Bueclzelerzcs
1375 2050 1581 2081 secuntur.-
1625 2050 1801 2090 transpo-

274 2105 355 2139 sitis
386 2103 514 2138 uerbis
535 2106 721 2138 accentus
742 2104 922 2147 correxi,
954 2112 1026 2138 nec
1057 2101 1182 2137 suadet
1204 2103 1391 2149 quisquam
1414 2107 1452 2136 ut
1474 2112 1548 2137 eam
1582 2112 1665 2137 cum
1695 2102 1803 2137 hiatu

274 2163 419 2194 mutata
460 2162 548 2193 ante
588 2164 621 2193 el
656 2169 826 2203 persona
867 2158 1069 2204 satisfecit.
1107 2163 1146 2192 ul
1177 2169 1253 2193 eam
1285 2159 1437 2205 quisque
1469 2157 1678 2193 moechetur
1709 2162 1745 2192 et
1773 2158 1802 2192 si

275 2226 344 2263 ego
377 2214 629 2249 obdormiuero
651 2215 755 2260 Lips.
782 2214 801 2249 1
835 2214 931 2250 Mihi
950 2215 1033 2250 olim
1067 2214 1255 2261 quisquam
1278 2215 1480 2250 uidebatur
1505 2224 1557 2249 ex
1587 2214 1802 2261 nequiquam

275 2274 615 2317 interpretamento
649 2273 755 2307 uocis
785 2269 896 2305 surdo
936 2275 1058 2306 ortum
1098 2280 1180 2306 esse
1192 2286 1202 2311 ;
1238 2272 1376 2306 omissa
1408 2271 1483 2306 hac
1515 2275 1550 2305 el
1591 2280 1659 2317 ego
1689 2281 1800 2315 pron.

277 2329 424 2374 reliqna
457 2327 645 2362 commode
683 2329 739 2362 sic
771 2331 998 2362 currercnl:
1030 2326 1112 2361 mihi
1145 2326 1337 2362 dormitum
1371 2325 1496 2362 suadet
1528 2331 1567 2361 ut
1599 2336 1674 2361 eam
1705 2325 1802 2372 quis-

277 2384 406 2430 quam?
466 2384 599 2419 Eiecco
627 2379 825 2430 'quisquam
864 2385 976 2418 etiam
1014 2382 1142 2417 suades
1180 2385 1218 2417 in
1256 2387 1415 2418 mentem
1455 2384 1570 2417 uenit.
1640 2381 1802 2428 Reliqua

278 2445 312 2475 el
343 2440 371 2474 si
404 2450 436 2475 c.
468 2451 504 2485 q.
537 2450 564 2474 s.
597 2440 724 2475 dubito
757 2443 883 2475 utrum
914 2439 1079 2474 eiusdem
1111 2450 1160 2474 cm
1193 2440 1354 2474 alterius
1381 2448 1575 2485 personae
1605 2440 1678 2473 sint

278 2496 327 2532 97
363 2502 438 2530 11116
470 2503 510 2530 Ξ
542 2495 636 2530 Idem
668 2495 789 2530 Bccrb.
828 2500 925 2540 lule,
958 2505 1041 2540 sup.
1073 2494 1183 2539 idem,
1218 2494 1339 2541 Bongl.
1457 2493 1601 2529 uberius
1630 2504 1732 2529 corr.
1765 2495 1802 2528 in

280 2551 337 2586 ubi
368 2553 439 2587 eris
461 2553 554 2598 Req.
586 2551 634 2586 ibi
665 2552 735 2586 eris
764 2551 971 2586 chtselzius
1087 2550 1136 2586 99
1170 2549 1312 2598 obstipo
1347 2550 1524 2597 Gifccm'us
1555 2548 1688 2584 obstito
1722 2550 1803 2585 cod.

391 2607 548 2643 tunicula
593 2608 750 2643 Vrsinus
781 2605 943 2642 cunicula
974 2608 1055 2642 cocl.
1176 2606 1255 2643 100
1294 2618 1359 2654 age
1397 2617 1463 2654 age
1499 2607 1507 2640 i
1545 2615 1655 2652 puere
1699 2605 1803 2640 Vinci.

280 2664 395 2710 Sangy.
431 2663 592 2699 Carolir.
626 2669 661 2699 el
691 2665 765 2699 m'si
785 2664 886 2710 quod
913 2673 1043 2709 puerae
1068 2662 1175 2698 Greci.
1210 2673 1276 2709 age
1306 2673 1372 2710 age
1403 2672 1512 2709 puere
1545 2659 1668 2707 (puere
1690 2662 1804 2696 semel

280 2730 379 2754 cras.
413 2722 451 2755 in
474 2718 610 2766 Bony.)
643 2721 763 2755 ceteri
793 2720 899 2755 codd.
922 2719 1118 2754 Prisciani
1147 2729 1212 2766 age
1245 2729 1310 2765 age
1341 2728 1430 2765 puer
1461 2718 1553 2753 thes.
1582 2716 1662 2752 390
1693 2727 1803 2763 puere

279 2786 389 2821 puere
420 2777 515 2811 idem
546 2775 625 2812 407
742 2775 811 2811 duc
841 2786 940 2811 unus
980 2775 1062 2811 cod.
1106 2774 1314 2821 Spengdie',
1357 2773 1470 2808 deduc
1511 2772 1604 2808 tlzes.
1645 2777 1804 2819 utroque

279 2832 374 2871 loco,
406 2833 518 2878 gloss.
546 2831 705 2867 Osberni
735 2832 823 2866 duce
845 2833 965 2866 celeri
993 2832 1081 2866 libri
1100 2831 1295 2866 Prisciani
1408 2828 1658 2864 &Cermalum
1684 2828 1801 2875 Bony.

280 2887 476 2922 Prisciani
505 2887 687 2922 decorauil
726 2888 818 2923 [lies.
854 2887 935 2922 390
