2023 3287
288 211 371 252 291»
811 211 1027 244 nncnuvs
1054 212 1290 245 LABERIVS

876 315 1221 358 PAVPERTAS

406 468 584 510 Nihilne
616 468 762 529 refert,
794 470 965 510 1110110111
998 483 1018 509 0
1050 469 1201 510 lanitia
1233 467 1392 510 'Attica

406 546 475 587 An
508 547 657 600 pecore
691 560 740 585 ex
771 545 885 586 hirto
918 546 1107 586 crz‘tssum
1138 546 1340 587 uestitum
1374 546 1526 600 geras?

980 656 1024 698 ΙΙ
1081 659 1099 698 1

407 733 539 777 Visus
571 735 650 775 huc
683 736 810 774 noctu
844 733 1006 774 bidenti
1041 656 1149 789 [guin
1182 732 1372 790 Herculi]
1407 735 1581 788 propter
1613 735 1726 775 uiam

318 813 372 853 70
404 811 575 852 Facere.

972 899 1039 940 ΠΙ
1070 898 1135 955 (2)

901 1009 908 1017 .
965 977 1059 1017 meo
1092 976 1313 1017 licentizitu

911 1098 1194 1141 PISCATOR

299 1177 371 1219 71¹
403 1178 591 1233 pugillar

373 1343 587 1374 PAVPERTAS
633 1341 650 1372 I
675 1342 814 1373 Nonius
840 1343 916 1379 212,
943 1343 981 1373 <21
1012 1341 1236 1373 ‘lanitium
1264 1352 1397 1381 genere
1431 1342 1808 1374 neut1·0...feminino

283 1388 508 1418 Lauerius
535 1388 776 1428 Paupertate:
812 1387 916 1418 nihil'
945 1398 973 1418 e.
1002 1397 1034 1428 q.
1062 1397 1087 1418 s.
1204 1387 1239 1418 II
1266 1387 1404 1417 Nonius
1429 1389 1481 1425 53,
1510 1388 1552 1417 25
1579 1387 1808 1418 ‘bidentes

285 1434 347 1473 qui
375 1433 574 1463 aestimant
600 1432 643 1462 ob
671 1442 749 1462 eain
778 1442 926 1463 causam
954 1442 1039 1463 oues
1066 1442 1086 1462 a
1104 1431 1258 1473 Virgilio
1286 1431 1416 1468 dietas,
1445 1432 1539 1472 quod
1566 1432 1655 1463 duos
1682 1432 1809 1463 dentes

282 1478 458 1512 habeant,
485 1477 642 1518 pessime
672 1487 713 1507 ae
738 1477 873 1508 uitiose
900 1476 1147 1518 intellegunt.
1169 1500 1176 1507 .
1197 1504 1204 1510 ,
1224 1480 1258 1507 et
1283 1476 1410 1507 melius
1431 1477 1593 1518 intellegi
1620 1480 1751 1518 potest,
1778 1477 1809 1507 si

281 1523 426 1554 biennis
455 1522 590 1552 dixerit
616 1522 834 1553 auctoritate
862 1522 1038 1563 Pomponi
1063 1522 1100 1552 in
1118 1521 1290 1552 Atellana
1317 1514 1663 1563 [(}all.‘T1·ansalp.]
1692 1522 1808 1552 Labe-

280 1568 355 1598 rius
382 1569 420 1598 in
445 1568 686 1607 Paupertate:
714 1567 828 1598 uisus’
857 1577 887 1598 e.
917 1577 950 1608 q.
976 1576 1002 1598 s.
1034 1566 1244 1608 (paupere
1272 1566 1398 1597 Urbin.
1417 1565 1496 1606 307)
1590 1566 1645 1598 111
1669 1566 1808 1597 Nonius

280 1613 356 1649 212,
376 1613 395 1644 5
421 1611 499 1643 ‘lie
514 1611 680 1643 entiam
699 1611 886 1644 feminino.
929 1611 1136 1652 Masculiuo
1156 1610 1332 1642 Laberius
1349 1611 1385 1642 in
1403 1611 1646 1652 Paupertate:
1673 1621 1751 1642 meo
1766 1611 1807 1642 l.’

370 1658 559 1688 P1scATOR
607 1658 816 1697 Anonymus
843 1657 887 1687 de
914 1657 1073 1698 orthogr.
1100 1667 1133 1697 p.
1159 1657 1247 1687 2796
1273 1656 1312 1687 P.
1342 1656 1537 1687 ‘Laberius
1563 1658 1601 1687 in
1618 1656 1806 1688 Piscatore

281 1703 520 1744 singulariter
550 1702 632 1733 hoc
662 1701 868 1743 pugillar
898 1701 1013 1736 dixit,'
1063 1701 1252 1733 Charisius
1285 1702 1301 1733 Ι
1332 1710 1367 1742 p.
1402 1703 1443 1732 75
1476 1701 1515 1732 P.
1555 1702 1663 1732 ‘item
1700 1701 1804 1732 laber

280 1772 287 1779 .
308 1773 315 1781 .
336 1775 342 1782 .
361 1747 599 1789 singulariter
622 1747 703 1778 1100
730 1747 928 1788 pugillar
946 1747 1062 1778 dicit’
1082 1746 1153 1788 (Ita
1173 1747 1265 1777 euim
1285 1747 1375 1785 eod.;
1398 1741 1499 1777 Citem
1518 1753 1535 1775 *
1554 1745 1805 1788 singulariter’

281 1793 335 1824 ed.
368 1795 435 1835 pr.)
470 1792 694 1823 Glossarium
723 1793 759 1822 in
785 1792 930 1822 Barthii
961 1792 1102 1823 aduers.
1135 1791 1307 1823 XXXVII
1342 1793 1381 1822 14
1414 1791 1635 1832 ‘pugillares
1667 1801 1809 1832 semper

287 1837 421 1879 plurali
450 1837 564 1872 dicas.
593 1838 655 1868 sed
682 1837 861 1868 Laberius
886 1838 923 1868 in
948 1836 1267 1868 Piscatoribus
1294 1836 1496 1878 pugillar
1521 1836 1656 1876 dixit.⁷)

278 2029 313 2063 in
352 2033 475 2063 ortum
516 2037 596 2063 esse
631 2031 725 2072 puto
765 2036 816 2062 ex
854 2026 898 2061 mi
939 2027 1127 2061 translato
1166 2027 1204 2060 in
1246 2025 1391 2071 falsum
1437 2026 1573 2060 locum.
1635 2026 1669 2060 in
1709 2025 1805 2060 coles

279 2081 542 2120 Bueelzelerus
658 2083 817 2118 Numeri
842 2082 1123 2128 probabiliores
1143 2082 1183 2116 lei
1208 2081 1361 2127 forent.-
1393 2081 1544 2116 soriolus
1568 2081 1651 2116 mihi
1673 2080 1806 2116 uideris

278 2151 376 2176 esse:
408 2139 528 2175 coleos
551 2138 679 2175 cossim
711 2149 808 2174 cacas
927 2138 975 2173 67
1010 2137 1143 2172 nihilne
1175 2139 1317 2183 scripsi
1343 2137 1428 2172 nihil
1459 2138 1547 2172 libri
1577 2137 1624 2172 nil
1650 2137 1807 2173 Botbius

277 2198 474 2243 deficiente
498 2198 626 2242 primo
654 2196 751 2240 pede
782 2188 878 2229 enini
907 2194 954 2229 nil
979 2194 1172 2240 Bertqlcius
1204 2194 1349 2229 minall.
1374 2194 1487 2238 phile.
1514 2193 1623 2230 1870
1649 2204 1687 2238 p.
1711 2193 1803 2238 830,

277 2254 345 2288 sed
372 2254 466 2288 idem
498 2253 543 2287 cle
574 2251 675 2287 nihili
702 2250 831 2296 forma
862 2251 1035 2286 inaudita
1076 2253 1247 2296 eoyilcms
1362 2250 1500 2285 Arctica
1534 2250 1693 2285 Botbius

279 2309 329 2345 68
362 2319 491 2356 pecore
513 2319 555 2343 ex
587 2308 680 2343 hirto
703 2317 861 2342 crassum
882 2307 1165 2354 Marquclrdtus
1195 2308 1429 2352 antiquitati.
1452 2306 1560 2341 Rom.
1595 2306 1624 2341 V
1645 2305 1666 2340 2
1685 2317 1726 2351 p.
1752 2305 1803 2341 87

276 2375 406 2412 pecore
438 2375 479 2399 ex
513 2365 691 2400 hircorum
729 2364 832 2407 libri,
876 2365 913 2398 in
953 2363 1087 2410 quibus
1118 2363 1204 2398 uide
1234 2373 1283 2397 an
1314 2364 1441 2408 polius
1471 2373 1600 2409 pecore
1633 2373 1674 2397 ex
1706 2362 1803 2397 hirto

277 2422 455 2456 hirsutum
475 2423 596 2456 lateat
711 2430 752 2454 ex
784 2420 965 2454 hircorum
996 2429 1126 2466 pecore
1157 2419 1334 2454 Muretus
1366 2430 1449 2454 uccr.
1471 2420 1558 2454 leet.
1582 2418 1732 2454 XVIII
1751 2418 1803 2454 10

274 2482 421 2524 pectore
452 2487 493 2512 ex
527 2477 707 2512 hircorum
740 2477 823 2511 olim
855 2478 1100 2521 scripseram.
1135 2480 1280 2522 tergore
1315 2485 1356 2510 ex
1398 2474 1577 2509 hircorum
1610 2474 1803 2520 Bergflrius

275 2536 300 2569 l.
339 2536 365 2569 l.
510 2533 681 2568 uestitum
720 2533 872 2578 Lipsius
911 2537 988 2567 cmc.
1026 2533 1114 2567 leel.
1152 2531 1199 2567 II
1233 2530 1276 2575 4,
1310 2530 1487 2566 Muretus
1526 2530 1677 2565 uestium
1714 2531 1805 2565 libri

273 2591 446 2636 plerique
477 2589 671 2636 uestigium
704 2588 752 2622 W
863 2588 913 2624 69
945 2599 983 2623 ac
1004 2588 1098 2625 Par.
1120 2587 1155 2622 P
1267 2592 1377 2622 noctu
1402 2587 1668 2630 Quielzeratius
1696 2590 1802 2620 nocte

274 2647 363 2682 libri
392 2651 497 2681 nocte
529 2656 595 2690 ego
629 2645 790 2680 Botleius
905 2643 1058 2679 bidentis
1093 2644 1184 2679 libri
1213 2642 1355 2678 bidente
1387 2643 1611 2688 Leopardus
1642 2642 1799 2677 Emend.

276 2702 316 2736 X
329 2703 356 2737 1⁷
377 2701 426 2737 19
543 2712 621 2736 sum
653 2700 795 2736 Herculi
817 2701 963 2745 addidi,
995 2712 1063 2736 om.
1084 2700 1190 2736 libri.-
1222 2699 1274 2745 ef.
1296 2700 1435 2734 Festus
1452 2710 1492 2744 p.
1517 2697 1595 2734 229
1626 2696 1803 2743 ‘propter

275 2757 392 2793 uiam’
427 2762 462 2793 el
493 2757 714 2793 Macrobius
746 2756 826 2792 Sat.
858 2757 904 2792 II
934 2755 970 2801 2,
1003 2755 1028 2790 4
1144 2755 1258 2790 facere
1290 2766 1368 2789 sum
1399 2759 1548 2801 propter
1569 2754 1659 2788 uiam
1693 2755 1798 2790 clau-

276 2815 396 2848 salam
436 2823 574 2849 uersus
608 2813 731 2859 fuisse
770 2825 844 2849 non
882 2813 1173 2858 inprobabiliter
1211 2813 1371 2847 coniecit
1411 2810 1682 2854 Quiclzeralius

277 2869 323 2906 71
358 2869 541 2904 licentiatu
575 2870 744 2915 Guyelus
774 2869 962 2904 licentatus
992 2869 1082 2904 libri
1179 2875 1181 2877 ’
