2023 3287
248 221 324 260 1213
562 222 623 253 nx
650 219 873 253 [Nol-:RTIS
899 219 1215 252 INOERTORVM
1242 220 1446 253 FAssvms

365 402 406 442 Is
440 400 617 442 minimo
651 402 747 455 eget
780 399 991 454 mortalis,
1024 399 1095 453 qui
1127 400 1349 442 minimum
1383 402 1511 455 cupit.

367 566 489 615 Quod
522 566 615 606 uult
646 556 794 619 habet⁷
827 565 898 618 qui
931 565 1040 605 uelle
1073 565 1186 619 quod
1220 566 1323 606 satis
1355 567 1419 606 est
1450 569 1603 620 potest.

930 652 1093 694 LXVII

282 734 338 773 80
370 732 421 773 ,ln
454 732 619 772 millum
653 745 808 771 auarus
842 730 980 771 bonus
1014 733 1096 784 est,
1128 731 1171 770 in
1205 745 1247 771 se
1280 731 1501 784 pessimus.

369 896 539 938 Auen-us
573 896 740 937 animus
773 895 891 936 millo
926 895 1107 936 satiatur
1138 896 1268 937 lucro.

943 984 1081 1025 LXIX

369 1062 437 1104 Ab
472 1062 554 1103 alio
588 1063 783 1116 expectes
817 1061 939 1102 alteri
972 1061 1085 1115 quod
1117 1060 1279 1103 feceris.

370 1227 594 1270 Beneficia
626 1228 671 1268 in
705 1228 859 1282 uolgus
893 1230 988 1267 cuni
1020 1227 1167 1282 largiri
1199 1226 1457 1281 institueris,

370 1305 592 1346 Perde'nda
626 1307 725 1345 sunt
758 1304 912 1358 multa,
944 1306 991 1344 ut
1024 1305 1151 1345 seme]
1186 1305 1321 1359 ponas
1353 1304 1473 1345 bene.

343 1448 441 1478 LXV
468 1457 517 1488 sq.
547 1447 686 1478 Seneca
707 1446 812 1486 epist.
834 1446 908 1485 108,
931 1447 969 1476 11
997 1445 1056 1477 ‘de
1085 1448 1295 1487 contemptu
1320 1446 1497 1487 pecuniae
1517 1446 1631 1477 multa
1657 1446 1784 1478 dicun-

253 1497 335 1528 tur.
357 1518 363 1524 .
385 1519 390 1525 .
412 1493 528 1533 magis
562 1495 685 1523 tamen
719 1491 901 1522 feriuntur
935 1491 1063 1530 animi,
1096 1501 1174 1522 cum
1207 1491 1369 1523 carmina
1402 1491 1500 1522 eius
1532 1491 1646 1523 modi
1684 1491 1785 1522 dicta

253 1542 337 1570 sunt
363 1548 370 1568 ε
396 1537 431 1568 is
465 1537 654 1568 minimo'
690 1546 718 1568 e.
752 1547 783 1577 q.
817 1546 842 1567 s.
900 1535 1030 1576 ‘quod
1062 1536 1172 1567 uult’
1206 1546 1236 1567 e.
1272 1546 1305 1577 q.
1339 1546 1366 1567 s.
1423 1539 1518 1567 ‘cum
1550 1536 1643 1568 haec
1676 1539 1785 1578 atque

253 1584 360 1614 huius
395 1582 491 1613 modi
524 1581 746 1619 audimus,
785 1581 831 1612 ad
870 1580 1138 1612 confessionem
1175 1581 1342 1612 ueritatis
1381 1581 1619 1616 adducimur.'
1679 1581 1786 1613 Publ.

254 1629 330 1669 Syr,
358 1631 451 1659 sent.
479 1628 555 1658 242.
581 1628 647 1658 443
667 1625 708 1657 R¹
737 1625 828 1667 (286,
856 1626 940 1658 fals.
965 1627 1030 1657 322
1050 1625 1122 1667 W.)
1217 1627 1352 1658 LXVII
1380 1627 1523 1658 Seneca
1543 1627 1649 1669 epist.
1671 1628 1745 1667 108,
1766 1628 1785 1658 9
1813 1640 1815 1642 ’

254 1677 341 1705 ‘non
366 1672 471 1704 uides
499 1682 600 1713 quem
621 1671 811 1703 admodum
839 1671 1019 1702 theatra
1046 1674 1315 1713 consonent⁷
1344 1672 1509 1712 quotiens
1535 1673 1662 1713 aliqua
1687 1672 1786 1703 dicta

254 1722 337 1751 sunt
363 1728 456 1760 quae
483 1717 630 1759 publice
658 1717 916 1758 adgnoscimus
943 1719 979 1748 et
1005 1727 1185 1748 consensu
1210 1727 1299 1748 uera
1325 1726 1404 1749 esse
1431 1718 1635 1748 testamur?
1663 1715 1784 1760 [Publ.

254 1764 333 1804 Syr.
360 1766 453 1796 sent.
482 1764 541 1794 121
571 1761 611 1792 R¹
639 1776 682 1788 =
707 1762 772 1793 236
799 1760 870 1803 W.]
905 1762 950 1793 in
982 1761 1164 1793 nullum’
1199 1773 1229 1794 e.
1264 1772 1296 1803 q.
1331 1772 1358 1794 s.
1413 1762 1480 1794 ‘ad
1512 1762 1590 1794 hos
1622 1772 1786 1794 uersus

254 1809 337 1840 ille
370 1807 712 1840 sordidissimus
751 1806 933 1847 plaudit
966 1810 1002 1838 et
1034 1807 1135 1838 uitiis
1168 1807 1242 1838 suis
1274 1807 1353 1838 fieri
1387 1807 1590 1839 conuicium
1624 1806 1784 1849 gaudet.'

254 1853 358 1886 Publ.
393 1853 470 1894 Syr.
503 1857 594 1884 sent.
620 1854 686 1884 224
712 1850 756 1883 Β*
781 1865 825 1877 =
850 1853 915 1884 234
941 1852 997 1883 W.
1144 1852 1301 1884 LXVIII
1333 1852 1475 1884 Seneca
1506 1854 1614 1894 epist.
1647 1853 1708 1891 94,
1742 1853 1786 1883 43

254 1899 350 1940 ‘quis
378 1902 497 1930 autem
530 1898 725 1939 negauerit
757 1897 860 1928 feriri
894 1896 1110 1938 quibusdam
1137 1897 1347 1938 praeceptis
1374 1896 1578 1929 efficaciter
1603 1898 1712 1929 etiam
1733 1897 1786 1928 in-

253 1944 521 1986 peritissimos?
548 1942 651 1974 uelut
669 1942 723 1974 liis
748 1942 975 1974 breuissimis
993 1943 1162 1979 uocibus,
1190 1942 1253 1973 sed
1272 1942 1423 1973 multum
1449 1941 1671 1974 habentibus
1699 1952 1786 1983 pon-

253 1989 365 2021 deris:
404 1988 495 2019 nihil
532 1988 652 2019 nimis'
691 1986 851 2027 (Terent.
888 1987 997 2021 Andr,
1028 1987 1084 2027 61)
1124 1989 1318 2018 ‘auarus’
1357 1997 1385 2018 e.
1427 1997 1459 2028 q.
1498 1997 1525 2018 s.
1571 1987 1638 2018 ‘ab
1677 1987 1785 2018 alio’

256 2045 285 2065 e.
312 2044 343 2075 q.
371 2043 398 2067 s.
449 2032 578 2064 ‘haec
605 2043 695 2064 cum
723 2033 816 2063 ictu
843 2031 1032 2074 quodam
1065 2031 1267 2063 audimus
1298 2042 1366 2064 nec
1398 2031 1464 2063 ulli
1495 2032 1584 2063 licet
1618 2031 1787 2063 dubitare

255 2079 589 2118 autrinterrogare:
617 2078 765 2118 quare?’
815 2077 1033 2108 Lactantius
1065 2077 1136 2108 diu.
1168 2077 1286 2108 instit.
1311 2077 1328 2108 I
1356 2078 1413 2116 16,
1441 2079 1481 2108 10
1513 2080 1600 2108 ‘non
1635 2076 1786 2118 illepide

255 2125 399 2156 Seneca
424 2123 460 2153 in
485 2122 589 2153 libris
608 2122 757 2153 moralis
783 2121 1056 2164 philosophiae:
1085 2122 1170 2163 quid
1196 2132 1281 2163 ergo
1300 2125 1373 2161 est,
1400 2122 1534 2162 inquit,
1562 2132 1672 2163 quare
1693 2121 1787 2163 apud

255 2172 383 2210 poetas
409 2167 665 2199 salacissimus
683 2167 850 2209 Iuppiter
867 2167 1017 2198 desierit
1044 2167 1178 2199 liberos
1202 2167 1358 2198 tollere?
1384 2170 1505 2198 utrum
1524 2167 1786 2208 sexagenarius

255 2214 377 2246 factus
403 2216 459 2245 est
485 2216 521 2244 et
554 2212 609 2244 illi
642 2212 700 2244 lex
732 2213 851 2254 Papia
882 2211 1032 2244 fibulam
1058 2212 1254 2254 imposuit?
1287 2222 1334 2243 an
1359 2212 1573 2253 impetrauit
1598 2212 1653 2243 ius
1678 2212 1787 2243 trium

256 2259 480 2291 liberorum?
508 2268 553 2289 an
579 2257 727 2289 tandem
754 2257 809 2289 illi
834 2258 936 2289 uenit
960 2258 995 2288 in
1022 2261 1177 2289 mentem
1197 2255 1341 2298 [LXIX]
1369 2260 1404 2289 et
1429 2257 1532 2289 timet
1548 2267 1593 2288 ne
1620 2257 1700 2298 quis
1718 2256 1788 2289 sibi

257 2304 375 2336 faciat
411 2302 503 2345 quod
536 2303 613 2344 ipse
649 2302 849 2335 Satul·no‘?’
905 2303 980 2334 Ael.
1008 2302 1240 2344 Lampridius
1272 2302 1314 2333 de
1346 2301 1553 2334 Alexandro
1587 2301 1720 2334 Seuero
1747 2303 1785 2334 51

258 2349 534 2390 ‘clamabatque
566 2348 713 2389 saepius
745 2348 839 2389 quod
872 2359 892 2379 a
924 2347 1141 2388 quibusdam
1174 2348 1251 2379 siue
1282 2347 1433 2379 Iudaeis
1463 2348 1541 2379 siue
1567 2346 1790 2379 Christianis

259 2394 427 2426 audierat
447 2396 483 2425 et
508 2394 673 2433 tenebat,
701 2393 809 2434 idque
837 2404 901 2435 per
926 2403 1154 2435 praeconem,
1184 2402 1263 2423 cum
1290 2392 1448 2433 aliquem
1473 2392 1693 2432 emendaret,
1719 2392 1790 2423 dici

258 2438 431 2471 iubebat:
464 2438 577 2480 quod
610 2438 695 2469 tibi
726 2438 835 2470 fieri
867 2448 949 2470 non
975 2439 1060 2477 uis,
1094 2437 1228 2469 alteri
1260 2448 1311 2469 ne
1337 2437 1518 2469 feceris.
1569 2437 1682 2476 Quam
1710 2447 1789 2468 sen—

259 2485 415 2516 tentiam
434 2493 546 2525 usque
567 2483 658 2515 adeo
679 2483 828 2520 dilexit,
853 2486 893 2514 ut
911 2486 947 2515 et
970 2484 1008 2514 in
1026 2483 1171 2514 Palatio
1198 2486 1234 2514 et
1251 2483 1286 2513 in
1314 2482 1471 2524 publicis
1489 2483 1660 2524 operibus
1685 2492 1788 2523 prae-

257 2529 368 2561 scribi
387 2529 554 2561 iuberet.⁷
590 2526 695 2560 Publ.
722 2528 800 2569 Syr.
820 2531 913 2562 sent.
932 2530 972 2561 37
992 2527 1033 2559 R¹
1048 2541 1092 2556 Ξ
1107 2528 1189 2559 fals.
1212 2529 1253 2559 36
1266 2529 1337 2568 W„
1356 2529 1371 2558 1
1388 2526 1429 2558 R¹
1446 2541 1489 2553 =
1503 2529 1522 2559 2
1540 2528 1596 2560 W.
1689 2527 1787 2557 LXX

257 2574 404 2606 Seneca
431 2574 474 2605 de
500 2574 621 2606 benef.
648 2573 664 2604 Ι
690 2575 709 2604 2
736 2573 1001 2605 ‘beneficia’
1033 2583 1062 2604 e.
1091 2583 1123 2614 q.
1151 2583 1176 2604 s.
1227 2575 1280 2604 ‘in
1311 2573 1428 2614 priore
1460 2581 1567 2604 uersu
1598 2574 1787 2612 utrumque

261 2619 527 2662 reprehendas:
554 2629 638 2650 nam
664 2629 731 2651 nec
758 2619 796 2649 in
821 2618 951 2660 uolgus
979 2618 1195 2650 effundenda
1221 2622 1306 2649 sunt
1331 2621 1367 2649 et
1392 2617 1527 2649 nullius
1551 2617 1616 2657 rei,
1641 2617 1788 2647 minime

266 2664 524 2696 beneficiorum
557 2664 714 2696 honesta
745 2663 893 2704 largitio
927 2668 1008 2696 est.
1031 2686 1038 2694 .
1055 2690 1062 2696 .
1087 2673 1243 2704 sequens
1275 2672 1404 2694 sensus
1428 2661 1600 2693 mirificus
1626 2665 1696 2701 est,
1730 2662 1789 2703 qui

258 2719 328 2741 uno
363 2711 456 2742 bene
497 2710 616 2751 posito
653 2708 830 2741 beneficio
867 2709 1059 2741 multorum
1097 2708 1313 2740 amissorum
1349 2708 1480 2739 damna
1516 2706 1683 2741 solatur)
1733 2706 1788 2738 Cf.

259 2786 333 2788 -,-,
365 2786 380 2794 Ἴ
399 2786 457 2788 ᾈγῌγ

370 2828 422 2864 83
454 2829 623 2865 statueris
654 2828 782 2865 Henlc.
956 2826 1008 2863 84
1042 2833 1080 2862 ut
1120 2838 1227 2862 unum
1258 2825 1374 2879 semel
1428 2826 1578 2861 Vralisl.
1698 2837 1785 2861 uni-o

255 2884 365 2919 semol
399 2884 488 2920 lwnc
521 2896 630 2931 ponas
664 2885 813 2920 Mediol.
854 2885 885 2918 E

1803 2301 1828 2311 κ
