2023 3287
259 207 342 248 402
573 206 917 240 ANONYMORVM
942 206 1176 239 MIMORVM
1200 206 1464 247 RELIQVIAE

943 309 1111 351 XXXII

379 386 594 428 Arnobius
635 387 728 427 adu.
766 389 852 428 nat.
891 385 953 427 IV
992 386 1049 427 35
1087 386 1231 427 ‘etiam
1268 387 1407 427 mimis
1451 389 1495 427 ct
1537 386 1781 428 scurrilibus

260 463 432 504 ludicris
472 463 837 504 sanctissimorum
876 477 1084 516 personae
1122 463 1452 517 interponuntur
1484 463 1659 504 deorum
1691 496 1699 503 .

260 540 519 582 iocularibus
557 527 768 580 feriuntur
806 539 1151 580 cauillationibuS
1195 540 1390 594 numina,
1433 540 1705 581 conclamant
1741 540 1784 579 et

264 619 498 672 assurgunt
527 617 714 671 theatra,
746 630 900 657 caueae
927 631 1074 658 omnes
1095 620 1352 672 concrepant
1383 616 1623 671 fragoribus
1657 617 1783 669 atque

262 695 443 748 plausu?

926 751 1119 793 XXXIII

386 823 604 865 Arnobius
637 822 731 863 adu.
762 822 958 864 nationes
984 822 1070 864 VII
1102 823 1158 864 33
1191 823 1346 864 ‘mimis
1377 823 1575 863 nimirum
1610 822 1652 863 di
1684 836 1784 877 gau-

261 900 381 954 dent,
413 902 456 940 et
486 900 560 940 illa
591 900 656 940 uis
688 901 911 954 praestans
944 913 1080 953 neque
1101 900 1198 940 ullis
1230 900 1452 941 bominum
1479 898 1787 953 comprehensa

261 977 427 1018 naturis
466 977 744 1018 libentissime
783 976 1027 1018 commodat
1064 976 1285 1017 audiendis
1322 976 1388 1017 his
1427 976 1540 1017 auris
1551 1010 1562 1031 ,
1605 990 1786 1030 quorum

261 1055 452 1109 symple
462 1053 619 1109 ginati
630 1054 693 1095 bu
705 1068 723 1094 s
754 1053 950 1108 plurimis
981 1053 1250 1094 intermixtos
1283 1068 1326 1094 se
1359 1067 1449 1094 esse
1488 1053 1710 1094 derisionis
1741 1052 1787 1093 in

261 1131 482 1172 materiam
502 1133 673 1172 norunt.
723 1130 1005 1184 delectantur,
1036 1131 1081 1170 ut
1098 1144 1166 1171 res
1187 1132 1267 1184 est,
1300 1130 1620 1184 stupidorum
1652 1144 1707 1170 ca
1714 1129 1787 1184 pi-

260 1209 399 1249 tibus
437 1208 591 1262 rasis,
629 1207 959 1261 salpittarum
997 1207 1169 1248 sonitu
1207 1209 1358 1261 atque
1395 1207 1594 1261 plausu,
1631 1206 1787 1247 factis

261 1287 311 1325 et
332 1285 485 1325 dictis
505 1284 762 1338 turpibus,
782 1283 1098 1325 fascinorum
1118 1284 1405 1339 ingentium
1427 1284 1637 1324 rubore.’
1655 1297 1688 1324 e,
1703 1298 1741 1336 q.
1757 1297 1787 1323 s.

932 1360 1122 1401 XXXIV

378 1495 383 1500 .
411 1438 574 1480 Seneca
611 1440 802 1479 contrOU.
839 1437 883 1478 II
920 1438 948 1478 4
981 1435 1076 1493 (12)
1114 1452 1154 1491 p.
1191 1437 1270 1478 197
1305 1437 1356 1478 K.
1401 1440 1515 1478 ‘uere
1554 1436 1788 1478 mimicae

262 1516 492 1571 nuptiae,
535 1515 580 1556 in
625 1514 778 1569 quibus
823 1515 939 1554 ante
982 1514 1033 1554 in
1077 1514 1364 1554 cubiculum
1415 1513 1601 1554 riualis
1645 1513 1790 1554 uenit

264 1608 409 1649 quam
441 1577 701 1634 maritus?v

942 1649 1109 1692 XXXV

387 1728 548 1769 Seneca
580 1727 629 1768 de
661 1727 872 1768 breuitate
903 1727 1018 1768 uitae
1042 1728 1107 1782 12,
1133 1727 1158 1768 8
1193 1727 1221 1768 ‘i
1253 1741 1366 1768 nunc
1398 1729 1441 1767 et
1471 1726 1624 1768 mimos
1655 1727 1790 1767 multa

264 1805 436 1846 mentiri
474 1805 527 1845 ad
565 1804 905 1858 exprobrandam
941 1803 1153 1844 luxuriam
1190 1806 1306 1858 puta.
1367 1804 1490 1857 plura
1527 1803 1790 1844 mehercules

265 1884 539 1937 praetereunt
583 1896 710 1935 quam
752 1881 924 1936 fingunt
967 1883 1010 1921 et
1051 1882 1175 1921 tanta
1223 1880 1534 1922 incredibilium
1589 1880 1790 1921 uitiorum

268 1959 392 2013 copia
422 1958 647 2013 ingenioso
685 1958 731 1998 in
768 1958 850 1998 hoc
886 1972 1020 2000 unum
1059 1957 1225 1998 saeculo
1263 1957 1488 2011 processit,
1519 1958 1567 1997 ut
1597 1957 1683 1997 iam
1714 1956 1789 1997 mi-

267 2050 434 2076 morum
467 2047 645 2088 arguere
676 2035 888 2088 possimus
919 2034 1264 2089 neglegentiam?

357 2163 514 2196 XXXIII
541 2163 709 2196 Conferri
734 2164 843 2196 iussit
870 2163 1118 2195 Buechelerus
1144 2163 1400 2204 Aristophanis
1426 2163 1510 2194 nub.
1535 2164 1600 2194 537
1620 2172 1697 2203 sqq.

268 2210 420 2241 XXXIV
448 2209 655 2251 nuptiae,
688 2209 732 2240 in
764 2209 954 2240 Maduicus
978 2208 1138 2240 Nustis
1168 2208 1340 2249 Autuerp.
1366 2208 1472 2239 Brux.
1521 2207 1576 2238 Cf.
1601 2207 1791 2239 quenalis

269 2255 318 2287 VI
342 2256 386 2286 44
410 2254 511 2286 locus
534 2265 568 2296 p.
593 2256 659 2286 395
686 2253 868 2285 exhibitus

357 2299 458 2339 Alia,
484 2300 614 2340 quibus
639 2299 826 2330 mimorum
852 2298 1005 2330 lasciuia
1032 2298 1268 2338 describitur,
1293 2298 1505 2330 testimonia
1529 2297 1605 2337 hic,
1633 2297 1695 2329 ubi
1720 2308 1791 2328 non

268 2344 303 2375 id
330 2345 468 2385 agitur,
496 2349 537 2375 ut
566 2345 712 2385 generis
737 2345 900 2375 uniuersi
932 2346 1065 2375 natura
1098 2348 1133 2375 et
1164 2344 1318 2375 historia
1350 2343 1600 2383 adumbretur,
1632 2345 1791 2384 praeter-

269 2389 388 2421 eunda
416 2399 497 2420 esse
525 2390 664 2421 censui.
