2023 3287
268 226 322 266 34
915 227 1142 267 AQVILIVS

386 328 497 370 Nam
533 327 695 385 [unum]
732 344 797 369 me
831 344 962 383 puero
997 331 1146 371 uenter
1179 334 1269 372 erat
1304 331 1505 371 solarium

326 407 352 446 ἶ)
384 405 521 447 Multo
555 406 746 446 (mnium
778 406 959 447 istorum
993 407 1215 460 optumum
1248 410 1290 448 et
1321 406 1623 449 uerissumum:

384 482 469 523 Vbi
502 483 536 522 is
569 484 656 523 1161]
689 483 893 523 monebat
925 485 1034 536 esse,
1067 484 1149 523 nisi
1182 499 1310 537 quom
1342 482 1406 524 11ss
1440 485 1559 525 erat?

383 558 507 599 Nunc
543 560 670 600 etiam
704 574 830 614 quon]
865 562 945 614 est,
977 574 1065 601 non
1099 561 1233 614 estur,
1263 560 1347 600 nisi
1380 559 1465 601 soh'
1493 561 1621 602 lubet.

388 635 537 689 Itaque
573 636 676 676 :ideo
709 636 794 676 iam
828 637 1050 690 oppletum
1083 636 1329 690 oppidumst
1364 636 1542 691 solariis,

385 711 524 752 Maior
556 726 655 766 pars
688 713 834 766 populi
867 715 915 753 ut
948 713 1053 752 aridi
1086 714 1256 766 reptent
1288 713 1412 754 fame.

261 829 331 868 Qui
350 830 516 870 quoniam
536 829 737 870 ‘oppletum
757 839 836 860 esse
855 829 1000 861 solariis
1020 829 1203 871 oppidum’
1230 840 1301 862 non
1327 830 1396 861 nisi
1416 830 1556 872 aliquot
1579 831 1684 862 annis
1708 834 1790 872 post

258 873 461 905 DLXXXX
487 873 621 914 (Plinio
646 884 679 905 n.
706 874 739 905 h.
766 874 835 905 VII
867 884 896 907 c.
928 876 970 906 60
1002 873 1167 916 auctore)
1201 879 1300 907 recte
1332 874 1403 906 dici
1428 876 1597 916 potuerit,
1633 876 1789 917 septimo

260 919 401 950 demum
432 918 576 950 saeculo
608 928 736 950 uersus
762 918 843 950 illos
869 919 986 950 ueteri
1012 919 1162 951 fabulae
1189 921 1363 951 Boeotiae
1394 930 1519 952 rursus
1552 921 1590 951 in
1616 930 1789 952 scaenam

258 963 434 995 reductae
461 964 632 1003 insertos,
660 964 815 995 Varroni
840 967 975 1001 autem,
1001 967 1042 995 ut
1068 965 1128 1005 qui
1154 963 1262 996 aliter
1287 975 1331 996 ne
1359 966 1520 1006 potuerit
1546 964 1691 1006 quidem
1725 969 1789 998 aut

258 1009 301 1040 de
327 1009 458 1040 Plauto
485 1012 548 1040 aut
575 1008 618 1040 de
645 1008 759 1040 Atilio
786 1010 966 1049 cogitare,
993 1010 1136 1041 omnino
1161 1019 1232 1041 non
1257 1009 1374 1041 lectos
1394 1020 1473 1041 esse
1496 1011 1664 1042 coniecit.
1715 1010 1787 1042 Sed

258 1057 375 1085 restat
404 1053 605 1095 scrupulus.
667 1054 737 1093 Qui
769 1054 863 1085 enim
894 1054 1077 1095 parasitus
1111 1053 1192 1093 ille,
1231 1054 1262 1085 si
1291 1055 1445 1095 septimo
1471 1055 1622 1086 saeculo
1651 1054 1787 1086 solaria

258 1098 497 1139 querebatur,
534 1108 683 1130 narrare
720 1101 865 1140 poterat
903 1109 941 1130 se
979 1109 1087 1140 puero
1126 1099 1263 1130 nullum
1301 1099 1467 1131 extitisse
1507 1100 1682 1136 solarium
1718 1101 1790 1131 nisi

257 1147 439 1183 uentrem,
474 1143 619 1184 quando
645 1144 715 1174 iam
744 1153 837 1174 anno
862 1143 963 1175 urbis
982 1142 1298 1175 CCCCLXXXXI
1322 1145 1477 1186 primum
1501 1144 1731 1185 horologium
1750 1145 1787 1175 in

258 1188 405 1230 publico
424 1192 602 1220 statutum
631 1188 744 1220 fuisse
771 1188 935 1220 docuerit
961 1189 1075 1220 Varro
1100 1192 1197 1220 teste
1222 1188 1342 1220 Plinio
1368 1189 1392 1222 1.
1409 1189 1456 1223 l.‘?
1504 1190 1550 1220 Et
1578 1189 1623 1220 de
1649 1189 1788 1221 abolito

258 1238 356 1265 certe
376 1234 520 1265 accensi
536 1233 723 1264 meridiem
740 1233 991 1275 proclamandi
1004 1232 1125 1265 officio
1140 1236 1268 1275 aperte
1286 1234 1419 1265 dicitur
1436 1234 1474 1265 in
1493 1244 1536 1266 eo
1553 1244 1663 1265 uersu
1681 1244 1789 1275 quem

257 1279 418 1310 seruauit
434 1279 512 1320 ipse
525 1279 638 1310 Varro
656 1278 733 1318 (ΙΙ).
750 1279 879 1319 Itaque
897 1278 1008 1310 nolim
1026 1277 1155 1315 Gellio,
1175 1279 1235 1319 qui
1253 1278 1368 1320 ipsius
1386 1279 1560 1311 Varronis
1579 1279 1622 1310 de
1642 1289 1784 1311 comoe-

258 1324 328 1354 diis
346 1323 526 1355 Plautinis
544 1323 655 1354 libros
675 1324 903 1364 excerpsisse
921 1323 1078 1363 uidetur,
1105 1322 1211 1354 fidem
1229 1333 1331 1355 suam
1353 1324 1548 1365 derogare,
1576 1324 1639 1355 sed
1666 1324 1789 1364 potius

257 1369 309 1400 ita
324 1371 500 1408 statuere,
519 1368 717 1409 parasitum
731 1372 893 1400 nostrum
907 1378 1057 1409 puerum
1077 1368 1191 1400 fuisse
1207 1370 1293 1400 ante
1308 1379 1442 1400 annum
1457 1368 1788 1405 CCCCLXXXXI,

259 1412 390 1445 deinde
409 1413 519 1445 semel
539 1415 677 1444 statuto
703 1412 850 1454 publico
869 1413 1053 1454 horologio
1078 1413 1242 1454 priuatos
1269 1422 1413 1456 quoque
1439 1413 1606 1445 homines
1627 1413 1664 1444 in
1690 1414 1788 1453 eius,

257 1458 351 1500 quod
376 1468 447 1489 non
474 1458 564 1489 adeo
591 1457 743 1489 difficile
770 1458 815 1489 ad
839 1457 1055 1489 imitandum
1081 1457 1214 1497 fuerit,
1241 1459 1400 1499 speciem
1428 1458 1596 1499 exempla
1620 1459 1787 1497 inrsuum

256 1514 359 1535 usum
377 1503 448 1534 sibi
467 1512 691 1544 procurasse.
727 1503 956 1543 Quamquam
974 1513 1019 1534 ne
1038 1502 1128 1534 illud
1147 1503 1303 1545 quidem,
1330 1504 1362 1535 si
1379 1503 1465 1544 quid
1482 1503 1603 1543 uideo,
1620 1505 1788 1535 ueterum

256 1548 469 1580 auctoritati
502 1551 700 1588 repugnet,
728 1548 759 1578 si
783 1547 930 1589 publico
958 1550 1103 1589 sumptu
1120 1558 1185 1589 per
1202 1548 1327 1580 urbem
1352 1547 1456 1590 plura
1475 1547 1612 1580 solaria
1637 1558 1679 1579 eo
1699 1552 1790 1579 tem-

257 1604 344 1635 pore
364 1593 561 1625 distributa
587 1592 700 1623 fuisse
720 1602 852 1626 sumas.
898 1593 988 1625 Nam
1006 1593 1059 1623 ita
1076 1592 1220 1624 Plinius
1240 1592 1262 1624 l.
1282 1592 1326 1625 1.:
1352 1596 1571 1635 ‘paruerunt
1595 1596 1718 1624 tamen
1738 1593 1787 1624 ei'

256 1638 366 1679 (quod
401 1648 418 1669 e
445 1637 576 1669 Sicilia
601 1637 865 1679 (leportauerat
889 1637 940 1668 M>
973 1636 1141 1669 Valerius
1173 1637 1349 1677 Messala)
1383 1638 1504 1669 ‘annis
1529 1637 1788 1678 undecentum,

256 1684 371 1714 donec
398 1683 440 1722 Q.
466 1682 628 1713 Marcius
654 1682 861 1724 Philippus,
889 1682 950 1723 qui
977 1692 1058 1714 cum
1084 1683 1127 1716 L.
1153 1682 1268 1714 Paulo
1302 1683 1372 1714 fuit
1398 1692 1546 1723 censor,
1574 1682 1788 1724 diligentius

255 1728 460 1760 ordinatum
484 1728 586 1758 iuxta
611 1727 759 1768 posuit’,
788 1730 989 1768 paruerunt
1019 1727 1056 1758 ni
1081 1727 1207 1759 mirum
1234 1727 1380 1759 artificii
1405 1728 1549 1769 generi,
1582 1727 1676 1770 quod
1709 1737 1789 1758 eum

256 1774 436 1814 corrigere
467 1783 539 1804 nou
572 1772 725 1811 scirent,
766 1772 885 1813 repeti
916 1775 1040 1803 tamen
1071 1771 1225 1804 infinitis
1256 1771 1433 1815 exemplis
1464 1771 1556 1804 nihil
1592 1771 1788 1814 inpediuit.

254 1818 377 1859 Aquili
401 1820 523 1849 autem
543 1827 673 1848 nomen
699 1827 870 1858 spernere
890 1827 971 1848 oum
997 1816 1198 1848 Ritsehelio
1217 1816 1280 1849 1.1.
1299 1819 1364 1850 130
1389 1816 1468 1858 (qui
1491 1817 1643 1849 Atilium
1668 1827 1701 1859 p.
1722 1818 1789 1849 124
1834 1853 1843 1859 ν

256 1863 468 1895 dubitanter
493 1859 699 1903 substituit)
734 1871 844 1894 ausus
874 1872 945 1894 non
970 1872 1066 1902 sum,
1098 1861 1195 1903 quod
1221 1872 1239 1894 e
1264 1862 1432 1894 tenebris
1456 1861 1615 1903 quidem,
1642 1871 1784 1904 quoquo

367 1975 391 2010 4
425 1986 536 2010 unum
567 1974 754 2010 Hertzius
785 1979 944 2010 ramem.
981 1975 1142 2010 Gelliam.
1185 1974 1214 2010 V
1242 1971 1379 2020 (1868)
1405 1985 1449 2020 p.
1484 1973 1548 2019 18,
1581 1985 1650 2010 om.
1685 1974 1785 2010 libri.

255 2032 339 2067 olim
378 2032 611 2067 Ritsclzelius
647 2029 811 2077 Parery.
845 2030 896 2067 83
1015 2042 1094 2066 nan]
1134 2041 1187 2066 me
1227 2031 1331 2065 etiam
1369 2041 1482 2077 puero
1514 2031 1609 2066 idem
1644 2042 1786 2076 propo-

254 2093 400 2124 suerat.
461 2098 543 2122 nam
575 2092 703 2122 uenter
742 2098 796 2122 me
835 2097 947 2134 puero
990 2098 1098 2122 unum
1130 2092 1205 2122 erat
1235 2088 1296 2122 uel
1328 2097 1407 2122 narn
1445 2097 1557 2133 puero
1590 2097 1645 2121 me
1679 2097 1786 2121 unum

255 2155 287 2179 e.
328 2157 362 2191 q.
394 2155 424 2179 s.
485 2144 647 2179 iactauit
686 2143 971 2179 CFWMueller
1005 2144 1160 2189 prosod.
1201 2143 1327 2179 Plccut.
1371 2142 1448 2179 106
1687 2148 1788 2177 ueter

696 2220 715 2223 ..
1022 2203 1038 2219 o
1051 2198 1170 2219 numum

266 2235 346 2270 Vnt.
380 2239 480 2269 neret
511 2233 604 2280 Req.
645 2238 705 2268 uet
736 2233 840 2268 Rott.
960 2232 983 2268 5
1017 2203 1174 2268 oinnium
1218 2232 1299 2267 Vat.
1341 2232 1515 2279 optimum
1551 2232 1647 2267 Par.
1681 2232 1784 2267 Roll.

367 2301 390 2338 6
424 2301 482 2336 ubi
512 2301 542 2336 is
564 2311 635 2336 non
657 2303 800 2346 scripsi
819 2300 958 2346 (minus
975 2287 1107 2346 plucel
1138 2299 1197 2334 ubi
1231 2299 1259 2334 is
1290 2309 1355 2334 nee
1378 2310 1424 2334 111.
1456 2303 1524 2334 aut
1545 2298 1786 2344 (lemonebal.)

254 2357 312 2393 ubi
334 2358 402 2393 iste
428 2358 521 2393 libri
541 2356 656 2392 ubiuis
688 2361 742 2391 ste
765 2357 960 2401 Herlzius,
989 2356 1173 2402 probauit
1194 2355 1470 2392 mech-essenus
1490 2356 1526 2390 in
1550 2356 1714 2401 epistula
1737 2356 1789 2390 ad

254 2425 337 2450 eum
360 2427 382 2449 a
409 2413 515 2449 1854
547 2415 637 2449 dala
664 2424 705 2458 p.
730 2412 783 2449 20
806 2412 864 2447 ubi
886 2412 945 2447 ubi
969 2423 1053 2448 cum
1085 2412 1167 2447 edd.
1201 2416 1292 2448 uetl.
1314 2411 1549 2447 Ritselzelius
1569 2411 1664 2446 iuste
1687 2407 1783 2457 (scil.

252 2473 350 2506 iusto
389 2468 571 2516 tempore)
604 2469 872 2504 Buecheler—us
985 2469 1145 2515 Inleyra
1183 2469 1371 2504 sententia
1411 2468 1602 2503 excidisse
1632 2468 1787 2503 uidetur

255 2526 561 2562 CFWMuellero
593 2527 618 2561 l.
661 2527 686 2561 l.
727 2524 808 2561 364
981 2523 1088 2560 nichil
1132 2524 1211 2560 Vat.
1249 2523 1345 2559 Rott.
1379 2523 1466 2559 nihil
1498 2525 1619 2558 ceteri

254 2583 275 2618 7
309 2593 418 2630 quom
450 2582 610 2618 Bollu'us
649 2580 745 2628 quod
782 2581 873 2616 libri
906 2582 1082 2627 plerique
1122 2580 1207 2627 quid
1238 2579 1340 2616 Rott.
1457 2584 1557 2614 estur
1588 2579 1671 2613 edd.
1704 2583 1783 2614 cml.

253 2645 303 2674 est
347 2639 438 2675 libri
550 2636 637 2673 libet
687 2637 768 2679 Vat.
808 2637 901 2672 Par.
943 2637 1044 2672 Rotl.
1163 2635 1186 2672 8
1227 2635 1397 2683 oppidum
1436 2640 1492 2670 est
1528 2634 1691 2670 Botln'us
1729 2640 1784 2670 est

254 2694 425 2742 oppidum
462 2694 554 2730 libri
724 2692 746 2729 9
787 2693 910 2740 populi
949 2698 988 2727 ut
1027 2692 1113 2727 aridi
1150 2697 1293 2740 reptent
1332 2691 1567 2727 Ritsclzelzus
1604 2689 1783 2737 populiari

253 2772 403 2820 direpffl‘
426 2773 529 2810 Rott.
550 2773 674 2821 populi
696 2772 783 2808 aridi
805 2778 947 2819 reptant
979 2774 1099 2808 ceteri
1126 2773 1232 2816 lim-i,
1265 2772 1341 2807 nisi
1368 2771 1470 2817 quod
1496 2748 1643 2817 regilant
1675 2769 1781 2805 Vinci.

254 2828 376 2876 populi
408 2830 474 2864 iam
505 2829 593 2864 aridi
624 2834 766 2876 reptant
787 2829 972 2864 Herlzius
993 2830 1097 2873 olim,
1130 2829 1199 2863 sed
1217 2828 1313 2862 idem
1334 2837 1438 2862 nunc
1459 2835 1620 2861 suasore
1641 2825 1782 2861 Fleclc-

253 2887 380 2920 eiseno
411 2888 435 2919 l.
467 2887 490 2920 l.
524 2885 573 2920 21
608 2886 856 2921 Rilscleelz'um
887 2887 1060 2931 sequitur
