2023 3287
329 256 412 297 5220
939 260 978 294 L.
1006 259 1243 293 AFRANIVS

972 363 1075 405 XXI
1110 362 1204 420 (17)

448 441 640 494 comptus

1029 517 1152 559 XXII

1176 610 1280 637 num
1319 596 1411 651 quis
1444 611 1510 637 me
1550 597 1760 651 quaesiit?

448 654 468 700 [Γ
499 652 621 694 1161111
653 653 835 694 fortuna.

946 730 1095 772 XXIII
1129 729 1224 788 (18)

328 788 417 830 430
449 789 630 844 cupiluci

1018 868 1166 909 XXIV

448 957 631 985 naucum
665 943 763 985 flare

1028 1004 1152 1046 XXV

449 1080 687 1134 ipsissimus

326 1234 514 1266 studiosae
549 1235 659 1266 etiam
693 1235 867 1277 antiquae
901 1235 1071 1268 mulieres
1102 1236 1268 1276 fuerunt,
1298 1236 1392 1268 unde
1419 1239 1609 1268 traxerunt
1635 1237 1850 1277 cognomina

325 1279 547 1319 Rutilias,
574 1284 613 1311 ut
638 1280 777 1311 indicat
802 1280 1015 1322 frequenter
1032 1281 1235 1313 Afranius.⁷
1262 1282 1445 1323 (rutilae
1465 1279 1632 1323 Vrsinus)
1661 1281 1715 1313 Cf.
1734 1283 1849 1314 Varro

327 1325 369 1356 de
395 1325 564 1357 1.L.V11
590 1328 632 1358 83
658 1325 824 1357 ‘rutilare
854 1330 908 1357 est
934 1327 978 1358 ab
1007 1327 1132 1358 eodem
1153 1327 1289 1366 colore3
1318 1328 1420 1358 aurei
1449 1328 1543 1359 enim
1570 1327 1685 1366 rutili,
1712 1330 1748 1358 et
1765 1327 1849 1358 inde

326 1371 437 1401 etiam
463 1369 634 1402 mulieres
658 1370 765 1402 ualde
792 1371 897 1402 rufae
924 1371 1093 1403 rutilae
1120 1372 1271 1404 dietae.’
1322 1372 1365 1404 de
1397 1383 1522 1413 praen.
1553 1374 1570 1404 7
1598 1373 1848 1412 ‘antiquarum

326 1415 513 1447 mulierum
533 1439 540 1446 .
560 1440 566 1446 .
589 1416 824 1457 praenomina
844 1417 990 1448 fuerunt
1008 1417 1202 1449 Rutilia>
1230 1416 1308 1460 (sic.
1328 1418 1448 1450 Vatie.
1476 1428 1521 1449 ru
1534 1417 1635 1448 tilla
1653 1417 1849 1448 Torrenius

326 1461 467 1491 rutila
500 1461 629 1499 ceteri)
663 1460 859 1493 ‘Caesellia
885 1486 892 1493 .
916 1485 924 1493 .
952 1485 959 1493 .
984 1472 1005 1493 a
1036 1462 1155 1494 colore
1190 1463 1326 1494 ‹lueta.’
1383 1463 1555 1494 Rutilia
1588 1472 1718 1493 nomen
1750 1465 1850 1493 extat

324 1506 360 1536 in
386 1505 464 1536 CIL
490 1506 507 1536 I
532 1516 565 1539 n.
596 1507 676 1545 144,
704 1506 858 1538 Rutila
883 1507 920 1538 in
947 1506 1028 1538 CIN
1054 1518 1086 1539 n.
1116 1509 1201 1540 5891
1308 1507 1394 1539 XXI
1413 1508 1520 1539 Pauli
1539 1508 1671 1539 Festus
1689 1518 1721 1549 p.
1741 1509 1784 1539 40
1799 1508 1847 1539 M.

324 1555 557 1592 ‘comptum
583 1551 758 1582 Afranius
784 1562 846 1592 pro
874 1555 1003 1583 ornatu
1031 1555 1067 1583 et
1094 1553 1194 1584 cultu
1220 1553 1370 1594 posuit.’
1464 1553 1570 1584 XXII
1594 1552 1787 1593 Pompeius
1813 1553 1849 1584 in

324 1595 435 1627 Keilii
461 1606 609 1637 gramm.
635 1597 735 1627 Latt.
762 1597 833 1630 1101.
851 1598 882 1629 V
907 1608 940 1638 p.
969 1599 1046 1637 311,
1074 1599 1113 1629 17
1141 1598 1437 1630 ‘charientismos
1458 1623 1463 1628 .
1484 1622 1491 1629 .
1512 1625 1519 1632 .
1539 1598 1712 1629 habemus
1737 1597 1848 1629 etiam

325 1641 421 1682 apud
453 1644 622 1673 auctores
655 1642 738 1673 hoe:
774 1652 859 1674 ecee
891 1642 1067 1674 habemus
1098 1643 1133 1673 in
1161 1644 1323 1675 Afranio.
1379 1644 1643 1684 interrogat
1674 1653 1849 1674 seruum

325 1686 614 1717 adulescens:
641 1688 849 1728 numquis
875 1698 936 1718 me
964 1689 1223 1728 quaesiuit?
1251 1692 1285 1720 et
1310 1688 1373 1719 ille
1402 1698 1559 1720 seruus
1585 1688 1848 1729 respondet:

322 1731 437 1762 bona
469 1732 669 1767 fortuna,
706 1732 743 1763 id
778 1736 833 1763 est
864 1732 1002 1773 nullus,
1038 1734 1142 1774 quasi
1175 1744 1249 1765 rem
1281 1734 1406 1765 duram
1440 1733 1539 1765 dictu
1570 1733 1694 1764 mitius
1726 1732 1848 1764 dixit)

324 1776 512 1807 Charisius
544 1788 576 1818 p.
602 1779 666 1809 247
693 1777 731 1808 P.
764 1777 1059 1810 ‘charientismos
1094 1782 1150 1810 est
1181 1778 1294 1810 dictio
1326 1789 1390 1820 per
1422 1790 1466 1810 ea
1498 1788 1590 1820 quae
1622 1781 1730 1819 grata
1764 1782 1849 1810 sunt

323 1821 423 1852 aliud
461 1822 586 1853 (licens
619 1822 719 1854 aliud
756 1822 983 1863 significans,
1020 1827 1060 1855 ut
1095 1834 1174 1855 eum
1210 1824 1475 1865 interrogamus
1513 1833 1609 1854 num
1642 1823 1740 1864 quis
1771 1833 1848 1855 nos

324 1867 583 1907 quaesierit
624 1871 660 1899 et
698 1868 939 1909 respondetur
975 1869 1088 1901 bona
1126 1869 1326 1908 fortuna,
1363 1868 1459 1900 unde
1498 1868 1746 1909 intellegimus
1783 1878 1848 1899 nos

322 1912 503 1943 neminem
538 1913 756 1954 quaesisse.’
812 1912 868 1945 Cf.
895 1913 1090 1946 Diomedes
1121 1925 1153 1956 p.
1180 1915 1246 1946 458
1271 1914 1310 1945 P.
1359 1914 1496 1946 Donati
1528 1924 1586 1945 ars
1619 1925 1652 1955 p.
1689 1914 1774 1945 1778
1807 1914 1846 1944 P.

322 1957 407 1993 (nol.
435 1957 485 1988 IV
510 1968 542 1998 p.
569 1959 633 1989 402
660 1958 770 1998 Keil.)
798 1958 1095 1991 ‘charientismos
1123 1963 1178 1991 est
1203 1963 1346 2000 tropus,
1373 1969 1442 1999 quo
1469 1959 1557 1990 dura
1582 1958 1682 1989 dictu
1707 1958 1848 2000 gratius

322 2002 570 2043 proferuntur,
597 2007 636 2034 ut
662 2014 740 2034 eum
769 2004 1084 2045 interrogantibus
1110 2004 1214 2035 nobis
1240 2005 1442 2045 numquis
1468 2013 1548 2035 nos
1575 2003 1846 2044 quaesierit,

323 2048 558 2088 respondetur
584 2048 697 2080 bona
724 2049 924 2085 fortuna:
951 2049 1079 2080 exinde
1105 2049 1334 2090 intellegitur
1352 2049 1530 2080 neminem
1549 2059 1620 2079 nosr
1633 2048 1847 2090 quaesisse.'

323 2091 432 2131 (num
459 2092 559 2133 quis
586 2104 663 2124 nos
689 2093 792 2125 Leid.
820 2094 916 2134 quis
943 2104 1019 2125 nos
1046 2094 1196 2125 Santen.
1230 2104 1322 2125 num
1356 2104 1431 2125 nos
1458 2093 1661 2134 Sangerm.)
1711 2093 1847 2124 Eadem

322 2137 398 2168 fere
424 2138 460 2168 in
486 2137 624 2169 scheda
649 2138 861 2170 Monacensi
888 2138 986 2170 edita
1013 2150 1032 2169 a
1059 2138 1257 2180 Spengelio
1282 2138 1412 2171 Philol.
1440 2138 1525 2170 XXI
1552 2140 1614 2169 122
1720 2139 1847 2170 XXIII

322 2183 435 2213 Varro
455 2182 498 2213 (10
519 2182 539 2214 l.
558 2183 598 2214 L.
617 2183 647 2214 V
672 2185 714 2215 ‘25
734 2185 780 2215 M.
808 2186 927 2221 ‘extra
953 2184 1086 2224 oppida
1113 2196 1133 2215 a
1158 2185 1278 2225 puteis
1306 2184 1514 2225 puticuli'
1542 2182 1611 2224 (sie
1636 2183 1732 2215 Flor.
1750 2187 1845 2215 teste

304 2227 367 2258 .H.
396 2227 530 2269 Keilio)
558 2231 580 2259 ⁶.
609 2252 615 2259 .
647 2253 653 2260 .
680 2229 741 2269 qui
766 2229 869 2260 loeus
895 2229 1062 2269 publicus
1080 2229 1176 2261 ultra
1196 2229 1402 2270 Exquilias‚
1429 2229 1555 2270 itaque
1575 2239 1654 2260 eum
1672 2228 1846 2260 Afranius

323 2272 547 2305 cutilucos
579 2275 615 2304 in
647 2277 775 2313 togata
806 2273 981 2315 appellat,
1014 2274 1108 2316 quod
1139 2275 1222 2306 inde
1256 2274 1458 2316 suspiciunt
1490 2276 1666 2315 perpetuo
1699 2274 1844 2306 lumen.’

322 2317 389 2356 (sie
417 2318 500 2349 libri
526 2319 612 2350 boni
640 2318 917 2359 putilnculos
943 2319 1022 2350 cod.
1048 2319 1095 2358 B,
1121 2319 1342 2360 Spengelius
1375 2318 1636 2350 subluculos
1662 2319 1705 2351 O.
1731 2318 1846 2349 Muel-

321 2363 417 2394 lerus
452 2363 683 2404 petilucos
716 2363 774 2395 nel
808 2364 1040 2405 cupilucos
1068 2363 1238 2406 conieci.)
1299 2365 1355 2396 Cf.
1382 2365 1515 2396 Festus
1542 2374 1566 2395 s.
1599 2374 1633 2398 u.
1667 2363 1846 2405 puticulos

321 2419 352 2448 p.
379 2409 443 2440 217
468 2409 516 2441 Μ.
608 2408 726 2440 XXIV
751 2409 933 2441 Ausonius
960 2413 1053 2441 cent.
1086 2414 1187 2451 nupt.
1216 2409 1333 2451 praef.
1367 2413 1446 2451 ‘pro
1474 2412 1559 2449 quo’
1586 2407 1651 2449 (sc.
1679 2406 1845 2449 centone)

320 2453 367 2484 ‘si
392 2463 455 2494 per
480 2453 663 2495 sigillaria
695 2454 732 2484 in
765 2455 935 2486 auctione
968 2455 1155 2493 uaeniret,
1188 2465 1307 2495 neque
1334 2454 1508 2486 Afranius
1540 2453 1692 2484 nauci’
1726 2452 1845 2494 (immo

321 2509 342 2528 n
353 2508 430 2529 aue
442 2509 463 2530 u
476 2502 522 2538 m)
551 2499 695 2530 ‘daret
721 2510 786 2530 nee
803 2500 939 2531 ciccum
965 2510 1066 2531 suum
1087 2499 1239 2532 Plautus
1256 2499 1430 2531 offerret.’
1524 2499 1624 2530 XXV
1650 2499 1845 2539 Pompeius

320 2544 356 2573 in
388 2544 501 2575 Keilii
528 2555 676 2585 gramm.
705 2545 803 2576 Latt.
830 2544 900 2578 uol.
927 2545 958 2575 V
987 2547 1063 2584 153,
1093 2546 1131 2576 16
1158 2548 1218 2577 ‘ea
1244 2548 1363 2576 autem
1389 2555 1481 2585 quae
1512 2554 1583 2575 non
1615 2542 1697 2574 ‘sunt
1730 2543 1846 2584 quali-

321 2589 407 2619 tatis
434 2593 472 2620 et
497 2589 731 2630 quantitatis,
759 2599 829 2621 non
847 2590 1030 2631 recipiunt
1056 2590 1364 2632 conparationem.
1412 2590 1463 2621 Ne
1488 2592 1524 2620 te
1550 2588 1740 2629 decipiant
1765 2588 1845 2619 illa

321 2633 540 2665 Plautina
567 2637 608 2666 et
633 2634 885 2666 Afraniana
909 2635 1067 2676 uerba,
1094 2635 1372 2676 ipsissimus;
1399 2634 1478 2666 ioco
1505 2633 1640 2665 comico
1658 2633 1726 2664 hoe
1743 2633 1845 2665 dixit.

320 2682 376 2710 est
403 2680 513 2710 etiam
539 2679 633 2721 apud
659 2677 821 2711 Graecos
853 2673 1061 2718 αὐτότατος
1087 2680 1176 2713 tale.
1226 2680 1363 2712 comica
1388 2682 1472 2711 sunt
1497 2679 1569 2710 ista
1595 2681 1630 2710 et
1655 2677 1701 2710 ad
1727 2681 1843 2710 artem

429 2868 509 2904 432
543 2871 692 2916 (praedit
713 2870 838 2906 Paris.
864 2871 905 2915 P,
930 2871 1084 2906 Samen.
1107 2871 1284 2917 quaesiuit
1307 2871 1438 2905 celeri.
1490 2869 1684 2915 Disposuit
1707 2878 1837 2904 nume-

317 2936 381 2960 ros
410 2926 452 2960 L.
486 2926 649 2961 Mueller
680 2937 774 2962 mus.
808 2927 930 2962 len.
962 2927 1041 2962 XX
1072 2926 1152 2962 374
