2023 3287
784 257 1054 292 COROLLARI
1062 258 1131 292 VM
1654 257 1714 292 CV

188 379 300 407 novo
334 364 527 419 exemplo
561 364 818 406 monstravit
849 368 1054 419 quantum
1088 381 1109 406 a
1146 365 1405 407 Graecorum
1433 380 1599 420 quoque
1622 368 1712 407 arte

191 437 384 478 scaenica
416 436 504 477 eius
538 435 766 477 abhorreat
797 435 1032 490 disciplina.
1094 436 1144 478 In
1178 437 1310 479 altero
1344 436 1568 479 Menandri
1599 436 1713 493 frag-

190 509 335 549 mento
368 506 478 549 idem
513 505 780 548 scribendum
813 508 955 561 putat:

967 603 1127 656 κυρίαν
1159 607 1235 655 τῆς
1268 603 1407 650 οἰκίας

337 670 409 714 καὶ
441 677 530 713 τῶν
561 668 730 727 ἀγρῶν,
762 670 834 714 καὶ
866 668 1014 714 πάντ’
1052 672 1234 726 ἐκείνης·
1271 670 1400 728 [ἔστι
1434 665 1576 726 δ’ὦν]

334 740 513 798 ἔχομεν,
537 740 774 793 Ἄπολλον,
806 740 864 794 ὡς
895 747 1094 798 χαλεπῶν
1127 741 1444 797 χαλεπώτατον.

310 838 349 879 Τ
352 838 465 891 urpi
476 838 536 879 lii
567 853 736 879 versum
772 838 824 880 15
858 839 1173 880 intolerabilem.
1208 839 1345 879 timere
1377 837 1506 890 occepi
1533 840 1569 878 et
1594 839 1713 879 {nter-

189 910 286 951 detm
317 909 575 950 mussitarier
607 909 794 950 edolavit
826 924 865 963 p.
898 910 995 950 662.

310 979 364 1020 88
387 994 446 1032 sq.
499 978 696 1033 Optimos
717 980 927 1022 baccheos
960 979 1207 1021 incredibile
1236 982 1395 1034 quanta
1419 979 1523 1020 artis
1545 979 1715 1020 inscitia

191 1050 236 1090 in
266 1049 464 1090 horridos
498 1052 689 1092 senarios
722 1051 954 1092 mutaverit
979 1051 1269 1104 sermonisque
1290 1052 1332 1090 et
1353 1050 1588 1091 sententiae
1609 1050 1715 1091 inte-

190 1121 391 1177 gritatem
424 1122 662 1175 corruperit
692 1138 731 1177 p.
765 1124 847 1164 667
884 1123 962 1164 sic:

891 1223 1033 1282 satin’,
1066 1230 1113 1269 ut
1142 1243 1284 1268 meum

471 1312 544 1340 eor
576 1299 620 1340 se
651 1295 940 1353 voluptatibu'
976 1301 1054 1353 det,
1086 1298 1393 1340 immortalitus

473 1384 563 1411 sese
596 1370 754 1412 obtulit
784 1372 844 1412 nii
874 1371 980 1412 hae'e
1011 1369 1224 1411 facultas?

306 1463 358 1506 V.
388 1465 469 1506 186
500 1464 622 1506 foede
656 1467 708 1507 ab
743 1481 786 1507 se
818 1466 863 1506 in
895 1465 1036 1519 priore
1069 1464 1283 1505 volumine
1317 1465 1591 1518 deturpatum
1618 1478 1713 1505 eum

190 1550 283 1577 sero
321 1536 594 1590 intellexerit,
634 1551 721 1577 non
758 1536 894 1578 multo
932 1535 1269 1577 tolerabiliorem
1305 1550 1440 1589 nuper
1476 1535 1520 1576 in
1558 1535 1640 1576 vol.
1672 1533 1714 1575 II

140 1660 145 1664 ¹
189 1621 228 1661 p.
262 1606 346 1648 652
378 1606 509 1647 talem
540 1608 785 1661 proposuit:

307 1686 555 1730 meretrices
590 1689 641 1730 ad
674 1704 740 1731 me
773 1690 824 1731 (ἶεῖ
849 1689 1059 1731 re'ce'ne'fciz‘e
1091 1690 1255 1742 aliquae
1288 1691 1574 1731 convenerant

190 1786 266 1812 nee
298 1771 342 1812 in
375 1785 576 1812 caesurae
610 1771 775 1813 defectu
807 1787 884 1813 nee
910 1773 954 1813 in
976 1775 1208 1826 anapaesto
1230 1772 1348 1826 pedis
1370 1772 1476 1813 sexti
1498 1771 1715 1813 offendens

189 1856 323 1896 neque
356 1842 549 1883 mutandi
584 1843 805 1884 audaciam
837 1843 925 1884 ullo
961 1846 1214 1898 argumento
1248 1857 1465 1884 excusans.

307 1912 492 1954 Versum
519 1914 601 1954 201
637 1914 681 1954 in
715 1914 831 1955 exitu
865 1913 1088 1955 scribendo
1122 1929 1298 1967 (fusteque
1317 1914 1549 1955 huiusmodi
1568 1928 1607 1966 p.
1629 1913 1714 1954 662

191 1987 354 2038 septem
399 1984 561 2025 scilieet
606 1985 820 2026 senarium
871 1985 1049 2039 pedibus
1101 1985 1272 2038 ditavit3
1322 1985 1367 2025 in
1412 1984 1603 2038 sequenti
1645 1983 1714 2025 his

189 2056 291 2096 vitia
319 2055 543 2096 ..imitari
573 2056 700 2097 solent
731 2057 988 2097 sententiam
1014 2056 1231 2111 pervertit.

308 2162 433 2204 Pan.
466 2162 555 2204 inc.
586 2163 674 2204 inc.
707 2163 774 2204 30.
836 2162 887 2204 In
917 2161 1134 2205 Ciceronis
1167 2162 1309 2205 verbis
1342 2162 1603 2203 de'ssimulare
1632 2175 1715 2203 ozon

190 2234 308 2286 sinit,
339 2234 410 2285 qui
441 2231 485 2288 (i.
518 2247 550 2273 e.
584 2232 685 2289 quo)
717 2234 881 2276 delecter
912 2249 989 2288 pro
1023 2233 1183 2276 tradito
1216 2233 1315 2286 quia
1348 2232 1476 2273 scribi
1513 2232 1640 2273 iussit
1676 2247 1716 2285 p.

196 2304 278 2345 190
297 2303 608 2359 infelicissima,
639 2306 688 2344 ut
708 2305 814 2346 mihi
833 2304 1019 2359 videtur,
1046 2306 1088 2346 et
1107 2305 1232 2358 plane
1252 2303 1480 2345 temeraria
1500 2303 1712 2357 opinione:

190 2389 290 2416 nam
323 2374 551 2416 sanissima
583 2376 682 2416 sunt
714 2390 821 2430 quae
853 2375 899 2416 in
930 2375 1052 2416 libris
1084 2375 1297 2430 leguntur.

309 2491 436 2546 Apud
481 2492 723 2534 Titinimn
773 2507 809 2534 v.
855 2493 911 2534 22
961 2494 1183 2547 adpensam
1234 2493 1375 2535 lanam
1418 2493 1489 2547 qui
1531 2506 1571 2546 p.
1617 2491 1715 2546 664,

190 2562 305 2604 haud
337 2563 459 2604 male.

310 2634 365 2675 93
398 2648 514 2686 quor,
546 2635 594 2674 ut
623 2633 715 2687 ipse
749 2633 918 2688 scripsi,
954 2633 1198 2689 Madvigius
1232 2648 1396 2688 quoque
1429 2648 1469 2687 p.
1503 2633 1604 2688 667,
1644 2632 1715 2687 qui

191 2707 338 2746 tamen
370 2704 660 2759 septenarium
692 2719 787 2746 oum
816 2719 905 2746 non
925 2705 1191 2760 agnovisset,
1224 2704 1437 2746 senarium
1457 2703 1503 2744 in
1522 2705 1600 2745 mei
1618 2718 1714 2758 pro-

191 2776 361 2817 nomine
393 2775 558 2817 clausit.

314 2847 394 2887 167
428 2844 544 2901 togis
576 2860 647 2888 cm·
678 2844 879 2900 candidis,
910 2845 1067 2887 tunicis
1100 2849 1145 2888 ut
1177 2844 1358 2887 sordidis
1393 2844 1490 2896 sint,
1521 2843 1686 2902 delicis?-

309 2931 349 2971 p.
381 2915 465 2959 668
496 2916 622 2971 plane
654 2916 885 2972 pueriliter.
