2023 3287
777 217 829 252 sic
859 234 913 240 -—
944 215 1072 251 sollers

207 318 250 351 85
281 316 475 359 profanaui
506 315 627 354 modo,
663 317 692 346 si
727 341 733 346 .
762 342 769 349 .
803 314 903 346 sint?-

206 360 304 395 Nou.
326 363 367 394 15
393 361 454 402 (si)
473 360 661 392 salliturus
680 384 687 391 .
706 384 712 391 .
733 365 801 400 est,
826 361 903 391 mit-

207 413 281 439 tam
304 404 401 440 Nou.
438 407 500 437 117
534 405 676 436 audibis
711 431 717 436 .
747 430 754 437 .
787 406 818 436 si
849 417 903 437 re-

207 453 292 484 deat
315 448 415 483 Gaec.
437 453 498 482 113
525 451 555 481 si
579 451 690 481 sciam
710 450 792 491 quid
812 450 903 482 uelis

206 495 336 537 Pomp.
367 497 428 528 138
454 496 484 527 si
503 498 667 526 moratae
688 496 767 526 sitis
788 492 901 527 'sitm

208 543 249 573 59
281 543 311 573 si
337 551 406 572 non
432 550 579 579 uerear,
606 550 710 571 nemo
738 544 904 571 mereatur

210 587 261 617 tui
287 583 424 626 Afran.
452 587 491 617 31
525 585 660 626 gaudia
699 596 763 616 sua
789 586 820 616 si
852 611 858 616 .
893 610 898 615 .

209 632 419 668 conferant,
461 634 583 660 tamen
626 656 632 661 .
667 654 674 661 .
713 634 905 671 exsuperet

207 674 356 710 [acuent.
381 678 401 707 3
434 676 463 706 si
497 675 642 716 linguas
674 674 796 705 decem
831 675 903 705 Ha-

209 722 329 760 beam‚
362 722 425 751 uix
459 720 609 751 habeam
644 716 747 751 Caeo.
782 721 844 751 126
876 721 906 750 31

244 791 251 797 .
280 766 478 806 adsuperos
505 764 621 795 redire
649 768 796 806 posset.
818 788 825 796 .
852 766 905 795 sic

209 811 344 841 diceret
368 808 467 843 Pali,
494 807 563 841 inc.
589 808 661 841 inc.
688 812 727 841 51
762 810 792 840 si
823 820 906 851 pos-

209 859 290 888 sent
314 880 320 886 .
350 881 356 887 .
383 856 480 896 capi,
509 865 632 886 omnes
658 879 665 886 .
694 880 701 887 .
727 855 905 886 haberent

207 899 342 940 Afrcm.
370 901 435 932 378
461 900 579 931 libera
605 910 729 939 essem,
757 900 903 931 habuis-

207 956 282 977 sem
308 946 337 977 si
366 942 468 977 Caec.
498 947 560 976 137
586 945 669 986 plus
694 945 831 985 quaesti
850 945 902 976 fa-

208 1000 324 1022 cerem
351 1000 457 1031 quam
483 991 513 1021 si
534 1016 540 1022 .
561 1018 566 1023 .
586 990 757 1021 haberem
776 988 903 1030 Pomp.

210 1037 272 1067 123
310 1040 349 1067 ut
389 1036 417 1066 si
455 1035 534 1076 quis
572 1035 804 1073 dormitaret,
843 1046 903 1066 ex-

208 1082 428 1122 pergisceret
452 1078 580 1120 Pomp.
607 1082 626 1112 5
657 1081 689 1110 si
715 1081 822 1111 iceris
848 1090 901 1110 me

209 1123 322 1166 Turp.
360 1126 402 1156 26
444 1125 588 1165 scalpes
630 1125 756 1156 dentes
794 1148 801 1155 .
835 1150 841 1156 .
874 1127 904 1156 si

206 1171 419 1212 peccaueris
449 1167 547 1201 Nou.
579 1171 622 1200 44
654 1171 684 1200 si
716 1170 904 1211 quisquam

206 1215 314 1246 hodie
333 1240 340 1247 .
362 1241 367 1246 .
384 1215 563 1256 pepulerit
578 1238 585 1245 .
600 1239 606 1245 .
621 1214 828 1254 diffringam
846 1212 905 1245 Ta·-

207 1258 326 1292 tz‘n.30
341 1260 473 1297 adeste,
493 1261 521 1290 si
537 1284 560 1292 ..
576 1260 756 1290 uaenierit
769 1257 904 1299 Afrum.

208 1307 227 1335 6
253 1315 368 1337 uoueo
387 1306 580 1345 facturum,
609 1305 639 1335 si
664 1314 833 1346 umquam
854 1315 905 1336 re-

207 1349 317 1381 dierit
333 1348 461 1391 Pomp.
480 1351 520 1381 51
548 1350 640 1391 quod
661 1350 820 1381 futurum
837 1354 904 1385 est,

209 1395 240 1427 si
263 1421 271 1428 .
297 1421 304 1427 .
328 1394 544 1427 attenderim
567 1393 695 1435 Pomp.
722 1396 764 1427 63
796 1396 827 1426 si
854 1395 904 1426 fe-

209 1441 339 1472 cissem
360 1466 367 1474 .
386 1464 393 1470 .
413 1435 602 1471 tlidicisset
626 1437 762 1479 Afran.
782 1440 849 1471 251
874 1440 904 1471 si

209 1488 494 1527 percontassem,
521 1484 653 1516 malum
680 1513 687 1518 ,
716 1510 722 1516 .
750 1488 905 1526 praeter-

207 1531 297 1563 isset
327 1528 424 1562 Nou.
457 1531 499 1562 53
531 1539 612 1561 nam
645 1530 676 1561 si
702 1558 709 1565 ,
740 1558 746 1565 ,
774 1530 905 1562 iactati

209 1576 327 1607 forent
355 1572 456 1607 Caec.
481 1577 525 1606 44
551 1575 581 1606 si
607 1575 749 1616 quidem
776 1576 831 1606 uis
857 1575 906 1606 lo-

209 1621 268 1662 qui
298 1617 419 1652 Naezo.
457 1622 497 1652 15
533 1621 563 1651 si
596 1619 775 1660 quidemst
812 1621 906 1660 quis-

211 1676 317 1706 quam
344 1666 433 1696 deus
452 1663 565 1705 Turp.
586 1667 649 1696 115
675 1665 851 1706 siquidem
872 1689 880 1696 .
898 1690 906 1698 .

216 1711 366 1742 fecisset
384 1708 515 1741 Labor.
534 1712 575 1742 95
601 1711 632 1741 si
651 1713 732 1742 stud
752 1735 758 1742 .
778 1736 784 1742 .
805 1710 911 1741 mira-

215 1756 271 1787 bis
297 1754 424 1796 Pomp.
452 1757 514 1787 108

164 1813 228 1844 sic
266 1809 368 1844 Caec.
396 1810 487 1843 271*
520 1809 633 1852 Turp.
660 1812 730 1851 (62)
759 1812 800 1843 69
827 1809 909 1850 (bis)

208 1855 307 1889 Pan.
340 1855 410 1889 ino.
444 1855 516 1888 ine.
543 1860 584 1889 53
614 1854 749 1896 Afraoz.
776 1856 843 1888 84*
868 1859 910 1888 92

208 1901 340 1945 Pomp.
383 1904 471 1934 150*
515 1899 646 1934 Laber.
692 1903 732 1933 77
774 1900 908 1943 (sicine

211 1945 299 1979 Liu.
327 1947 361 1984 3)

164 1993 288 2024 sicca
312 1990 448 2032 Afran.
474 1993 515 2023 61

164 2037 260 2069 sedi
289 2034 391 2072 Caco.
419 2038 482 2069 160

164 2083 345 2123 signare
370 2107 376 2114 .
399 2111 406 2116 ,
432 2082 588 2114 frontem
615 2081 736 2113 calida
769 2082 907 2123 forcipe

209 2125 307 2159 Nou.
346 2129 388 2159 42
429 2127 553 2168 signat
599 2127 714 2168 digito
763 2127 907 2158 litteras

209 2170 329 2204 Naeu.
358 2172 427 2203 79*

165 2218 295 2259 signa
320 2217 488 2248 indicant
512 2215 648 2256 Afran.
673 2217 737 2248 308

165 2263 354 2294 silentio
386 2259 522 2301 Afran.
549 2263 614 2293 268
645 2262 762 2292 noctis
788 2286 793 2291 .
822 2287 828 2293 .

210 2307 325 2339 lentio
352 2304 465 2347 Turp.
492 2308 534 2338 53

166 2353 251 2383 sile
278 2350 430 2384 Iuecent.
456 2353 473 2383 1

165 2407 180 2428 s
192 2397 271 2429 ilic
283 2408 326 2429 es
341 2407 418 2428 cum
434 2396 549 2428 findat
570 2396 672 2437 gelus
689 2394 826 2436 Afran.
844 2398 906 2428 106

165 2442 453 2474 silicernium
494 2442 571 2473 eius
612 2452 727 2472 messe
762 2452 904 2472 esurum

213 2486 314 2519 Caco.
343 2488 405 2518 122

165 2532 310 2564 siluas
336 2529 456 2563 Naeu.
482 2533 523 2563 57

165 2589 246 2630 quis
273 2592 327 2620 est
352 2588 411 2619 hic
437 2588 588 2619 simia?
613 2586 748 2628 Afran.
774 2589 839 2619 329

164 2645 254 2677 haut
296 2645 538 2686 parasitorum
577 2644 727 2676 aliorum
767 2644 905 2675 simil

211 2694 267 2723 est
289 2687 409 2722 ,Naem
436 2692 478 2722 60
503 2693 541 2720 tu
566 2690 693 2731 pueri.
713 2716 720 2723 ,
748 2689 841 2720 simil
869 2699 906 2720 es

211 2732 308 2768 Nou.
334 2737 392 2767 62:
419 2732 465 2774 cf.
489 2732 619 2775 Pomp.
648 2735 690 2765 74

857 2262 900 2293 si-

105 2827 110 2833 ,
166 2792 324 2834 sepulcri
351 2792 514 2823 similis
539 2789 670 2823 Labor.
693 2792 755 2822 124
780 2790 908 2822 similis

210 2835 332 2869 Anon.
362 2835 461 2869 mim.
492 2838 514 2868 4
547 2836 660 2868 simile
695 2839 772 2875 est,
805 2836 908 2876 quasi

213 2892 292 2913 cum
322 2880 450 2923 Pomp.
476 2883 518 2913 74
549 2881 697 2913 Terenti
732 2905 738 2911 .
773 2905 779 2912 .
812 2881 908 2912 simi-

1600 208 1681 249 461

985 315 1054 346 lem
1079 313 1215 355 Afrcm.
1242 317 1284 348 29
1311 314 1463 347 similem
1483 312 1581 349 Ραῖἶ.
1607 313 1680 346 inc.

986 359 1056 391 inc.
1087 362 1149 392 102

939 405 1095 437 hominis
1127 406 1209 447 quid
1243 406 1314 437 fert
1344 416 1477 437 morum
1515 405 1680 436 simili-

986 454 1053 481 tas
1082 447 1184 482 Gaec.
1212 452 1276 482 216

940 496 1092 526 simitu
1118 496 1356 527 manducatur
1374 506 1416 528 ac
1434 495 1535 528 molit
1552 493 1679 537 Pomp.

988 540 1081 572 100ss

942 585 1113 617 Simium
1140 583 1271 617 Laber-
1297 587 1339 617 40

943 630 1056 678 Simo
1086 628 1185 662 Caec.
1210 629 1280 662 ine.
1299 629 1372 669 s'ab.
1391 630 1563 662 XXXVII
1579 628 1680 662 Pazz.

986 683 1058 707 zue.
1084 683 1155 707 mc.
1183 678 1201 706 2

942 720 1071 750 simul
1100 717 1202 754 Gaea.
1232 722 1293 752 132
1328 717 1533 762 Turp.r194
1566 718 1680 752 Titan.

990 766 1050 796 157
1082 764 1219 805 Afran.
1253 767 1293 796 64
1327 767 1390 797 140
1425 766 1537 797 semul
1565 763 1680 797 Te'tz'n.

990 808 1080 841 147³<
1112 811 1216 841 simul
1242 814 1281 841 ut
1308 808 1422 844 Titia.
1449 813 1491 842 50
1525 811 1684 842 simul..

987 856 1148 896 intrabo,
1186 855 1241 886 illi
1271 856 1465 887 extrahunt
1495 854 1631 895 Afrcm.
1664 858 1683 887 5

986 900 1090 931 simul
1124 902 1218 931 intro
1251 901 1353 940 ueni,
1387 903 1527 932 accessi
1553 899 1681 941 Pomp.

988 947 1050 976 170
1093 945 1231 978 simul.
1264 969 1270 977 .
1303 946 1386 977 ueni
1418 971 1424 978 .
1451 970 1458 978 .
1491 946 1681 977 memordit

989 988 1120 1021 Labor.
1147 992 1188 1022 28

940 1035 1214 1066 simulabant
1246 1033 1344 1068 Pan.
1370 1033 1440 1070 inc.
1468 1034 1536 1067 inc.
1563 1037 1606 1067 33
1635 1036 1680 1066 si-

984 1080 1082 1110 mula.
1107 1078 1243 1119 Afran.
1262 1080 1352 1112 301*
1378 1080 1543 1112 simulari
1569 1078 1682 1121 Turp.

943 1170 1011 1200 sin
1037 1167 1151 1202 Tttz‘n.
1179 1172 1221 1202 58
1247 1166 1382 1210 ᾸΤναη.
1410 1173 1475 1203 293

942 1215 1147 1255 sinciput
1173 1213 1271 1247 Non.
1302 1218 1340 1247 13

943 1261 1037 1291 sine
1068 1256 1168 1294 Gaec.
1196 1262 1237 1292 57
1263 1259 1362 1292 Pan.
1383 1259 1535 1294 e'nfesz'nc.
1563 1262 1604 1292 29
1624 1257 1683 1291 Τῖ-

986 1303 1052 1336 tin.
1082 1306 1123 1336 83
1150 1307 1212 1337 178
1237 1304 1374 1344 Afrum.
1400 1307 1442 1337 93
1467 1307 1531 1337 339
1556 1303 1684 1346 Pomp.

987 1352 1028 1382 79
1054 1347 1150 1381 Nou.
1176 1352 1216 1382 27
1244 1352 1286 1383 86
1313 1348 1443 1382 Labor.
1471 1352 1513 1383 88
1542 1352 1603 1382 109

941 1396 1050 1426 unica
1088 1400 1142 1426 est
1179 1400 1308 1426 natura
1347 1407 1387 1427 ac
1430 1395 1685 1437 singularia

988 1437 1102 1481 Ταῦ-ρ.
1132 1442 1173 1472 28

943 1485 1211 1527 singulatim
1242 1483 1344 1517 Caec.
1372 1487 1415 1518 88

942 1530 1094 1561 sinunt
1119 1528 1255 1570 Afran.
1281 1532 1346 1562 360
1371 1532 1488 1562 sinam
1514 1528 1637 1564 Naeu.
1664 1532 1683 1562 6

987 1575 1091 1606 sine*
1119 1601 1125 1606 .
1153 1602 1160 1609 .
1194 1577 1348 1615 iactent,
1387 1577 1464 1607 sine
1501 1577 1686 1607 nictentur

991 1618 1093 1652 Caee.
1121 1623 1162 1652 72
1195 1622 1271 1652 sine
1301 1645 1307 1651 .
1336 1647 1343 1653 .
1369 1621 1477 1652 ducat
1511 1618 1610 1653 Caec.
1644 1622 1686 1652 73

993 1666 1070 1697 sine
1097 1676 1175 1697 eam
1203 1667 1363 1707 grassari
1385 1664 1499 1698 Titin.
1519 1668 1579 1697 141
1608 1667 1686 1697 sine

992 1712 1199 1752 prospicere
1224 1721 1278 1742 me
1304 1708 1440 1750 Afran.
1468 1713 1530 1742 193

948 1756 1073 1787 sinus
1097 1754 1188 1787 Atta
1215 1758 1255 1787 10

947 1801 982 1831 in
1008 1801 1145 1832 sinum
1169 1799 1298 1841 Pomp.
1325 1802 1386 1832 141

947 1846 1009 1877 ubi
1041 1846 1180 1877 sitast
1212 1846 1397 1886 sapientia
1432 1844 1543 1887 lurp.
1575 1845 1620 1877 9*
1653 1846 1689 1876 in

992 1901 1084 1922 suo.
1100 1891 1203 1923 1000
1231 1891 1303 1922 sita
1329 1892 1402 1922 sint
1429 1889 1543 1923 Tm‘u.
1572 1893 1634 1923 130

947 1946 1059 1967 smar
1070 1936 1220 1976 agdum
1242 1936 1450 1970 ..uiridem
1476 1934 1614 1968 Publil.
1640 1938 1661 1967 4

945 1982 1094 2013 sobria
1117 1979 1254 2021 Afrcm.
1282 1983 1320 2012 61
1350 1982 1470 2013 sobrio
1500 1979 1599 2014 Caeca
1628 1979 1689 2012 96*

990 2026 1129 2058 sobrior
1154 2024 1286 2058 Laber.
1313 2024 1384 2058 inc.
1412 2024 1485 2065 fab.
1513 2026 1635 2057 XXIII

943 2081 1046 2102 suum
1073 2071 1142 2102 sibi
1160 2072 1255 2103 alius
1282 2074 1430 2103 socius
1456 2073 1591 2102 socium
1611 2081 1690 2102 sau-

990 2117 1065 2147 ciat
1094 2113 1195 2148 Caeo.
1221 2119 1263 2149 39

943 2161 1065 2192 socri
1089 2158 1209 2193 Ναθιι.
1237 2163 1279 2193 66

943 2205 1036 2237 sole
1069 2208 1205 2238 orescit
1235 2204 1334 2241 Nou.
1365 2207 1407 2237 66
1439 2205 1525 2237 solis
1557 2203 1685 2237 Labor.

987 2252 1029 2283 75
1055 2251 1122 2283 soli
1146 2249 1273 2293 Aqua.
1301 2253 1318 2283 7

943 2297 1075 2328 statuit
1099 2321 1106 2327 .
1125 2319 1134 2328 .
1158 2297 1371 2329 solarium
1397 2294 1523 2337 Aquil.
1548 2297 1569 2326 4
1594 2295 1689 2327 sola-

988 2342 1050 2372 riis
1074 2339 1200 2382 Aquil.
1227 2343 1248 2373 8

942 2386 1134 2417 solatum
1160 2384 1295 2426 Afrcm.
1320 2384 1392 2417 inc.
1417 2384 1490 2425 fab.
1516 2385 1638 2417 XVIII

944 2431 1149 2462 soleatus
1174 2429 1310 2470 Afran,
1340 2433 1401 2462 105

944 2475 1065 2507 soleo
1100 2473 1202 2510 Gaea.
1244 2477 1304 2508 196
1345 2475 1440 2507 soles
1475 2473 1587 2515 Turp.
1627 2476 1689 2505 182

991 2518 1105 2552 Titin.
1124 2523 1167 2552 42
1193 2521 1288 2553 solet
1308 2518 1411 2553 Gaec.
1430 2522 1448 2552 7
1471 2519 1550 2551 161*
1578 2517 1690 2560 Tio-p.

991 2567 1030 2597 71
1049 2567 1133 2597 202*
1150 2564 1242 2597 Atta
1261 2568 1302 2597 10
1327 2563 1462 2604 Afran.
1481 2567 1546 2596 423
1563 2563 1692 2605 Pomp.

990 2612 1031 2642 55
1096 2608 1165 2642 ὀιι.
1205 2612 1247 2643 69
1288 2608 1419 2642 Laber.
1460 2611 1500 2641 10
1540 2609 1693 2641 solemus

987 2652 1125 2695 Afran.
1152 2657 1217 2687 260
1243 2655 1363 2687 solent
1390 2652 1505 2695 Turp.
1525 2659 1545 2686 8
1570 2655 1695 2686 52130

988 2698 1123 2740 Afran.
1158 2702 1222 2732 134
1251 2700 1341 2732 haec
1375 2726 1382 2733 .
1410 2728 1415 2733 .
1449 2699 1581 2732 solitus
1613 2709 1689 2730 sum

991 2742 1093 2779 Caec.
1122 2747 1185 2777 128
1212 2743 1352 2777 solitu's
1380 2742 1495 2778 Tam.
1523 2746 1565 2776 28

946 2792 1050 2831 panis
1076 2790 1217 2822 solidi
1245 2788 1347 2823 Gaec.
1377 2791 1437 2820 141

945 2835 1148 2867 solitudo
1175 2832 1287 2875 Turp.
1316 2837 1378 2866 114

946 2880 1112 2911 sollers
1137 2878 1272 2919 Assy-an.
1300 2881 1340 2911 61
