2023 3287
324 189 352 222 L
912 187 1098 222 COROLL
1105 188 1258 222 ARIVM

325 298 517 336 extrema
555 296 725 348 quidem
763 296 895 336 verba
931 297 1005 336 «iste
1040 296 1177 337 mulus
1207 310 1269 337 me
1300 295 1357 336 (ch
1388 295 1545 348 factum
1575 296 1689 337 dabit
1718 294 1776 350 (h.
1809 312 1842 338 e.

325 368 375 406 ad
410 369 591 407 mortem
630 366 751 407 dabit
787 367 1022 420 interprete
1059 366 1323 408 Buechelero
1362 381 1467 407 mus.
1505 366 1639 407 Rhen.
1677 366 1842 408 XXVII

327 436 427 493 132)
461 452 510 477 ex
543 437 661 491 vulgi
694 452 766 478 ore
798 437 967 478 videtur
999 437 1141 479 viator
1172 439 1391 478 mutuatus
1425 452 1528 478 esse.

442 508 605 549 Omitto
637 507 844 549 ficticium
876 508 1052 549 titulum
1084 508 1152 549 Or.
1178 509 1293 549 4813
1322 506 1391 552 (cf.
1417 507 1705 548 Buechelerus
1737 524 1843 550 mus.

322 578 456 619 Rhen.
477 578 643 619 XXVII
668 578 788 634 14Ο);
820 579 911 620 uixi
939 580 1035 620 dnm
1066 580 1158 619 ulai
1183 579 1285 619 bene.
1324 580 1421 619 Iam
1440 593 1527 619 mea
1549 582 1728 630 peraeta,
1749 593 1844 620 moa·

320 653 457 690 uestra
479 653 620 702 (tycius
642 650 798 701 fabulo.
834 651 965 691 valete
983 653 1019 689 et
1041 649 1233 701 fflamlite.
1273 649 1381 688 unde
1413 652 1584 702 praeter
1610 650 1746 690 exitus
1780 665 1841 690 se-

321 720 542 761 nariorum
560 720 665 761 duos
686 719 814 760 facile
830 722 895 760 est
914 721 1131 774 integrum
1145 719 1404 760 versiculum
1426 719 1538 760 hunc
1552 719 1641 760 fere
1657 720 1842 762 efficere:

617 804 705 831 mea
738 790 823 831 {cim
846 794 1016 843 peracta
1046 791 1177 831 vesstra
1208 794 1350 843 affletur
1379 790 1536 842 fabula.

439 862 587 902 Etiam
614 876 664 902 ex
694 862 848 902 saturis
884 864 974 902 tam
1013 861 1169 902 Lucilii
1207 877 1336 915 quam
1367 861 1577 904 Varronis
1614 862 1845 904 laudantur

321 947 429 986 quae
475 932 627 974 comici
674 932 883 973 sermonis
929 932 1116 985 speciem
1159 933 1227 972 vel
1270 933 1450 973 reddant
1499 933 1730 987 ingenuam
1776 934 1843 974 vel

321 1004 555 1043 imitentur.
606 1003 712 1043 haec
744 1003 790 1043 in
822 1017 953 1043 unum
981 1003 1148 1057 collegi,
1179 1018 1267 1043 non
1293 1004 1363 1056 qui
1392 1004 1645 1057 sponderem
1673 1006 1846 1056 sumpta

322 1074 467 1115 omnia
511 1089 560 1114 ex
618 1075 735 1114 certa
780 1074 885 1114 certi
924 1075 1076 1126 poetae
1121 1074 1344 1114 comoedia
1389 1088 1499 1127 9339,
1543 1074 1615 1114 sed
1653 1077 1701 1114 ut
1745 1074 1845 1128 quid

319 1144 446 1185 huius
499 1144 667 1199 generis
717 1145 875 1185 lateret
918 1145 963 1184 in
1006 1144 1198 1197 reliquiis
1237 1143 1334 1184 istis
1384 1144 1511 1185 facile
1556 1147 1704 1198 posset
1751 1159 1844 1198 per-

319 1215 497 1256 lustrari
530 1217 572 1256 et
602 1216 648 1256 in
678 1230 804 1256 usum
826 1214 1032 1256 adhiberi.
1075 1214 1278 1255 Imitatur
1303 1215 1533 1270 prologum
1561 1215 1692 1256 Varro
1724 1218 1845 1270 quat-

319 1288 418 1328 tuor
461 1286 549 1327 illis
593 1286 773 1326 senariis
816 1299 960 1338 ‘cosque
1002 1287 1047 1326 in
1092 1285 1244 1326 theatro
1289 1300 1321 1326 e.
1355 1301 1392 1340 q.
1431 1301 1461 1327 s.
1506 1284 1620 1341 (vide
1659 1301 1697 1339 p.
1733 1285 1846 1343 128).

320 1356 435 1398 Olim
474 1357 587 1397 inter
624 1357 742 1410 ipsas
777 1357 1021 1398 comoediae
1060 1356 1263 1410 reliquias
1297 1357 1438 1410 recepi
1470 1356 1519 1397 fr.
1552 1355 1745 1411 LXXIX,
1778 1357 1845 1397 cui

321 1428 418 1468 addi
456 1430 601 1480 potest
631 1427 824 1468 LXXXI.
886 1427 952 1468 Ex
985 1428 1216 1468 Lucillam&
1252 1428 1379 1467 huius
1413 1427 1599 1480 generis7
1637 1442 1745 1481 quae
1768 1442 1845 1468 nu-

320 1499 505 1551 perrime
536 1497 570 1538 F
574 1498 812 1538 ranckenus
847 1496 965 1539 Coni.
999 1499 1091 1539 crit.
1120 1499 1171 1538 ad
1205 1498 1360 1538 Lucilii
1399 1497 1602 1538 decadem
1632 1497 1676 1538 II
1708 1500 1751 1538 et
1780 1497 1845 1538 III

318 1584 358 1623 1).
391 1570 416 1610 8
451 1583 510 1623 sq.
549 1569 650 1609 data
683 1584 814 1622 opera
850 1569 1147 1622 pertractavit,
1178 1571 1349 1622 praeter
1381 1582 1442 1621 ea7
1475 1583 1583 1622 quae
1616 1583 1746 1622 supra
1776 1569 1845 1609 vel

317 1640 461 1694 recepi
505 1640 573 1681 vel
616 1640 742 1694 tetigi
787 1637 907 1689 (vide
951 1655 1058 1694 quae
1098 1640 1151 1680 ad
1190 1638 1368 1680 Caecilii
1405 1638 1628 1693 Hymnida
1668 1638 1846 1695 monui)7

317 1711 403 1751 tria
421 1711 562 1751 frusta
582 1711 689 1751 satis
710 1711 843 1752 habui
857 1726 896 1764 p.
915 1710 996 1751 129
1017 1713 1186 1752 notare:
1207 1711 1321 1751 caede
1340 1711 1498 1760 ostimn,
1517 1710 1681 1752 Gnatho
1703 1725 1735 1751 e.
1750 1725 1787 1764 q.
1803 1726 1846 1763 s.‚

320 1781 497 1832 Gnatho,
528 1783 630 1834 ,quid
658 1786 793 1822 ocfztm
826 1782 911 1823 est?
944 1797 977 1822 e.
998 1796 1034 1835 q.
1057 1797 1086 1822 s.
1121 1784 1163 1821 et
1192 1782 1272 1822 inc.
1305 1782 1385 1822 inc.
1416 1781 1503 1821 fab.
1529 1780 1742 1822 LXXXII.
1786 1781 1847 1821 At

319 1853 554 1893 vanissima
569 1853 824 1893 ariolatione
840 1852 991 1893 doctus
1006 1853 1071 1893 vir
1085 1867 1216 1905 supra
1228 1852 1427 1892 laudatus
1441 1850 1560 1892 Coni.
1573 1852 1663 1892 crit.
1680 1867 1715 1892 a.
1733 1852 1843 1893 1871

318 1938 358 1976 1).
391 1923 446 1964 33
481 1923 665 1964 coniecit
704 1923 945 1977 composita
983 1923 1193 1977 quaedam
1231 1926 1279 1964 ut
1316 1924 1483 1964 omicida
1523 1921 1713 1976 (XXVII
1753 1920 1846 1978 42),

317 1993 667 2035 Μοθσῖιοσὶηαθάιιε
705 1993 846 2048 (XXX
882 1993 972 2049 19),
1015 1994 1127 2048 quod
1165 1994 1381 2048 dactylico
1419 1993 1581 2047 versui,
1621 2007 1709 2034 non
1739 1993 1845 2034 iam-

318 2065 427 2105 bicis
461 2067 535 2105 aut
564 2064 800 2106 trochaicis
834 2067 982 2118 aptum
1015 2067 1091 2118 est,
1124 2065 1370 2106 comoediae
1403 2063 1560 2105 deberi.

435 2135 604 2176 Frustis
631 2136 876 2177 comoediae
903 2135 1083 2190 denique
1110 2136 1429 2176 adnumeranda
1455 2137 1554 2175 sunt
1579 2135 1844 2189 integrarum

318 2206 461 2246 Plauti
500 2206 686 2246 maxime
723 2206 969 2247 fabularum
1008 2206 1383 2260 interpolamenta,
1421 2206 1457 2246 si
1487 2220 1763 2247 numerorum
1802 2208 1846 2246 et

319 2277 527 2318 sermonis
570 2277 789 2330 probitate
835 2277 1139 2331 antiquitatem
1188 2278 1443 2330 profitentur
1453 2310 1464 2331 ,
1516 2276 1634 2317 Velut
1677 2277 1749 2330 qui
1799 2277 1844 2317 in

316 2348 463 2390 Plauti
496 2347 748 2388 Trinummo
780 2350 881 2401 post
912 2363 949 2389 v.
971 2348 1054 2389 367
1089 2348 1274 2389 insertus
1307 2350 1373 2389 est
1404 2348 1638 2389 versiculus
1669 2347 1845 2400 excipienti

317 2422 430 2460 aetas
466 2418 781 2468 cowdc'osstenmmt‚
819 2418 981 2470 sapiens
1018 2420 1146 2459 aetati
1179 2419 1308 2460 cibus&
1338 2422 1381 2460 et
1412 2418 1562 2472 ceteri,
1604 2418 1655 2459 de
1688 2418 1842 2472 quibus

317 2490 363 2530 in
395 2503 539 2543 opusc.
564 2487 607 2529 H
639 2488 725 2528 274
759 2503 847 2543 sqq.
880 2489 1119 2542 disputavit
1148 2489 1412 2530 Ritschelius
1445 2488 1515 2544 (cf.
1541 2488 1842 2530 Fleckeisenus

320 2560 477 2601 amiall.
510 2559 677 2613 philoll.
715 2560 827 2600 1870
858 2575 897 2613 p.
919 2559 1035 2615 851).
1071 2559 1178 2601 Suas
1211 2560 1303 2614 ipse
1335 2560 1506 2602 fabulas
1538 2559 1732 2600 versibus
1766 2560 1842 2601 ali-

318 2631 427 2670 unde
461 2629 645 2682 sumptis
679 2644 908 2671 exornasse
940 2631 1109 2671 videtur
1138 2631 1211 2671 ille
1246 2631 1463 2684 Quintipor
1494 2628 1677 2679 Clodius,
1716 2644 1841 2684 quem

318 2701 362 2741 in
395 2700 581 2754 epistula
620 2701 672 2740 ad
710 2700 878 2741 Fufium
905 2700 1045 2742 Varro
1085 2702 1258 2755 carpsit.
1321 2701 1463 2755 Tetigi
1497 2701 1600 2742 olim
1638 2701 1683 2742 in
1720 2716 1840 2755 prae-

317 2770 482 2812 fatione
510 2771 562 2811 ad
595 2785 702 2812 com.
733 2786 773 2825 p.
806 2771 868 2812 XI
899 2772 1042 2813 locum
1075 2769 1208 2826 (apud
1239 2772 1430 2813 Nonium
1462 2787 1502 2826 p.
1537 2772 1632 2825 117,
1662 2772 1701 2812 4.
1742 2772 1841 2826 425,

322 2839 413 2898 18),
454 2841 529 2882 111)1
560 2841 792 2894 Antiphoni
833 2842 923 2883 eius
967 2843 1133 2898 eadem,
1175 2857 1282 2897 quae
1324 2842 1456 2883 Getae
1497 2842 1543 2883 in
1579 2841 1841 2885 Phormione

2005 2724 2015 2739 ⁴·
2005 2714 2011 2719 ’
1999 2698 2018 2707 ’ἶ
2003 2489 2023 2693 ι’μᾶείιξὲιίθῶ
2003 2433 2007 2435 ’
