2023 3287
304 883 521 926 Alienum
556 884 629 926 est
661 895 821 937 omne,
855 881 1079 934 quiequid
1111 882 1314 936 optando
1346 883 1520 925 elicuit.

303 959 372 1001 Ab
403 960 499 1002 alio
532 960 749 1013 expectes
781 959 925 1001 {ilteri
958 958 1081 1010 quod
1115 958 1301 1001 feceris,
1685 975 1701 1003 1

303 1037 484 1078 Aninuis
517 1037 652 1078 uereri
685 1036 760 1091 qus
791 1037 887 1090 scit,
920 1036 998 1076 seit
1030 1037 1123 1077 tuto
1156 1034 1335 1090 ingredi.
1660 1052 1702 1079 :52

303 1112 477 1154 Auxilia
507 1113 685 1154 humilia
716 1111 843 1154 firma
874 1116 1106 1154 eonsensiis
1138 1112 1283 1153 facit.ss
1661 1127 1704 1156 43

183 1241 491 1275 TESTIMONIA.
541 1242 786 1276 EXEMPLA.

275 1307 290 1336 1
318 1305 458 1337 Seneca
485 1305 590 1346 epist.
614 1306 647 1344 8,
674 1306 694 1336 9
726 1307 848 1345 ‘quam
881 1304 984 1334 multi
1017 1306 1149 1344 poetae
1174 1303 1318 1343 dicunt,
1351 1314 1444 1344 quae
1478 1303 1705 1344 philosophis

184 1353 247 1382 aut
275 1350 373 1382 dieta
391 1353 475 1381 sunt
491 1353 554 1381 aut
577 1349 751 1381 dicenda!
778 1359 848 1381 non
867 1348 1047 1389 attingam
1068 1349 1229 1390 tragicos
1248 1359 1316 1380 nec
1342 1351 1524 1390 togatas
1549 1351 1703 1380 nostras.

182 1395 320 1427 habent
345 1395 439 1426 enim
465 1395 534 1426 hae
566 1405 706 1436 quoque
733 1394 870 1435 aliquid
896 1394 1104 1427 seueritatis
1131 1396 1166 1425 et
1192 1397 1276 1425 sunt
1307 1393 1404 1425 inter
1433 1393 1634 1425 comoedias
1661 1404 1703 1425 ac

183 1439 393 1482 tragoedias
431 1439 582 1472 mediae.
646 1442 818 1480 quantum
857 1438 1178 1470 disertissimorum
1216 1448 1384 1470 uersuum
1421 1439 1519 1470 inter
1554 1438 1704 1470 mimos

182 1486 299 1517 iacet!
338 1495 444 1526 quam
471 1484 582 1515 multa
609 1484 801 1515 Publilii
827 1494 899 1515 non
924 1483 1171 1523 excalceatis,
1205 1483 1269 1515 sed
1296 1483 1524 1514 cothurnatis
1549 1483 1705 1516 dicenda

183 1531 282 1563 sunt!
315 1540 422 1560 unum
449 1539 589 1560 uersum
617 1529 713 1567 eius,
739 1529 800 1569 qui
827 1528 870 1559 ad
895 1527 1160 1569 philosophiam
1187 1529 1349 1569 pertinet
1374 1531 1410 1559 et
1436 1528 1481 1559 ad
1507 1528 1601 1559 hane
1627 1539 1705 1569 par-

183 1580 272 1614 tem,
298 1585 390 1615 quae
417 1574 521 1606 modo
547 1574 614 1604 fuit
638 1574 672 1604 in
700 1574 884 1611 manibus,
914 1573 1082 1611 referam,
1111 1583 1180 1614 quo
1205 1576 1318 1613 negat
1343 1574 1495 1604 fortuita
1521 1573 1557 1604 in
1583 1576 1704 1605 nostro

182 1620 370 1651 habenda:
398 1619 520 1650 alien
532 1621 609 1650 um’
637 1631 665 1650 e.
687 1630 717 1660 q.
736 1629 762 1650 s.
813 1619 936 1649 ‘Hune
962 1628 1105 1649 uersum
1132 1629 1152 1648 a
1178 1622 1213 1649 te
1241 1618 1311 1649 dici
1337 1628 1407 1649 non
1432 1617 1543 1658 paulo
1559 1617 1703 1657 melius,

183 1664 248 1695 sed
276 1664 487 1696 adstrictius
513 1664 676 1695 memini:
710 1673 793 1695 non
820 1662 889 1694 e'st
914 1667 1048 1701 tuum,
1081 1661 1266 1694 fortuna
1297 1662 1408 1703 quod
1434 1661 1550 1694 feeit
1576 1665 1704 1697 tuum.

182 1708 276 1740 Illud
302 1709 412 1740 etiam
430 1719 524 1740 nune
542 1708 668 1740 melius
687 1708 821 1739 dictum
839 1718 861 1739 a
886 1711 922 1739 te
941 1717 1010 1739 non
1036 1707 1263 1748 praeteribo:
1291 1706 1388 1738 dari
1414 1707 1567 1739 bonum
1594 1708 1705 1749 quod

184 1753 352 1795 po'tuit,
389 1752 564 1785 auferri
598 1757 759 1794 potest.
815 1753 895 1784 Hoc
927 1763 998 1783 non
1027 1752 1154 1793 inputo
1185 1752 1221 1783 in
1253 1752 1412 1784 solutum
1444 1751 1485 1784 de
1516 1755 1578 1784 tuo
1610 1751 1705 1784 tibi.'

183 1798 397 1830 Vincentius
435 1798 712 1830 Bellonacensis
743 1798 890 1838 speculo
927 1797 1038 1829 doctr.
1071 1799 1107 1836 5,
1140 1798 1180 1829 76
1234 1797 1335 1829 Inter
1364 1798 1435 1828 ine.
1472 1797 1546 1831 fab.
1579 1797 1622 1828 fr.
1655 1797 1704 1827 IV

183 1843 408 1876 rettuleram.
508 1844 528 1874 2
554 1844 695 1874 Seneca
721 1844 828 1884 epist.
853 1843 908 1882 94,
934 1844 992 1874 43:
1020 1842 1101 1873 uide
1129 1841 1172 1872 ad
1199 1841 1285 1883 pall.
1313 1842 1382 1873 ine.
1404 1842 1474 1873 ine.
1495 1841 1568 1873 sab.
1587 1841 1705 1873 LXIX

184 1888 403 1920 Lactantius
422 1888 539 1922 instit.
559 1888 574 1919 1
590 1889 643 1927 16,
663 1890 714 1921 10.
749 1887 873 1919 Aelius
891 1886 1121 1928 Lampridius
1138 1887 1176 1918 in
1193 1886 1271 1918 uita
1289 1886 1487 1918 Alexandri
1505 1886 1633 1918 Seueri
1651 1888 1703 1918 51.

181 1933 235 1964 Ad
267 1942 368 1974 quem
399 1932 517 1964 locum
550 1932 707 1964 editores
739 1931 1034 1963 Weidmanniani
1060 1931 1212 1962 laudant
1243 1931 1393 1963 Tobiam
1425 1933 1463 1971 4,
1500 1932 1538 1962 16
1570 1941 1700 1972 euang.

182 1977 312 2011 Matth.
339 1980 370 2017 7,
399 1979 438 2009 12
465 1977 659 2018 Augustini
684 1976 798 2008 doctr.
826 1976 908 2008 Chr.
935 1977 988 2008 111
1018 1978 1066 2009 14.
1117 1977 1157 2007 ln
1190 1975 1335 2007 Gruteri
1373 1976 1544 2007 thesauro
1575 1977 1657 2015 928,
1684 1978 1704 2007 9

183 2032 329 2054 carmen
362 2023 588 2063 recognitum
624 2031 740 2063 nuper
773 2033 794 2053 a
826 2021 1052 2053 Buechelero
1084 2031 1172 2052 mus.
1203 2021 1317 2055 Rhen‚
1344 2020 1482 2052 XXVII
1518 2022 1579 2052 187
1612 2021 1700 2052 tale:

184 2071 239 2099 ‘ut
262 2065 514 2109 perferantur,
542 2067 571 2098 si
598 2076 669 2107 qua
695 2069 794 2106 sunt,
821 2067 865 2098 ad
891 2066 1042 2097 inferos.
1092 2065 1186 2097 Date
1205 2064 1325 2097 terrae
1345 2066 1520 2106 fructum,
1548 2070 1585 2096 ut
1606 2069 1703 2097 terra

183 2113 298 2153 possit
326 2111 485 2144 reddere.
533 2111 592 2142 Ab
619 2110 711 2142 alio
737 2121 907 2152 spereS‚
942 2111 1085 2142 altero
1112 2110 1224 2152 quod
1258 2110 1453 2142 feceris)
1503 2110 1702 2151 Comparat

181 2157 428 2189 Buechelerus
459 2156 574 2188 Orelli
610 2157 719 2187 inser.
750 2157 850 2188 4786.
880 2157 968 2188 4802
1029 2155 1084 2186 Cf.
1125 2155 1278 2196 denique
1315 2154 1516 2187 Caecilium
1548 2155 1702 2186 Balbum

182 2202 326 2234 Monac.
360 2203 390 2241 1,
422 2203 464 2233 29
497 2212 529 2242 p.
560 2203 619 2241 2ος
657 2201 844 2233 Vincentii
873 2200 1150 2233 Bellouaeensis
1181 2211 1282 2241 spec¹
1315 2199 1427 2234 doctr.
1459 2200 1508 2232 IV
1541 2201 1593 2233 67.
1630 2201 1701 2232 132.

184 2246 292 2278 Edidi
317 2246 402 2278 olim
427 2246 536 2278 etiam
563 2246 658 2278 inter
684 2246 860 2286 palliatae
886 2246 955 2277 inc.
985 2246 1055 2279 ine.
1083 2245 1125 2279 fr.
1152 2245 1282 2277 LXIX.

298 2365 314 2399 1
341 2375 446 2399 omne
467 2376 535 2400 om.
559 2364 588 2400 C
599 2365 636 2409 V,
661 2365 784 2400 coclesc
804 2364 1079 2410 Anzplonianus
1097 2363 1280 2408 Senecae,
1313 2364 1529 2399 Vincentius
1608 2364 1703 2397 uenit

183 2422 223 2466 C,
256 2421 363 2456 codd.
385 2421 594 2456 deteriores
617 2420 805 2464 Senecae,
842 2420 1058 2455 Vincentius
1173 2419 1196 2454 2
1219 2430 1341 2466 speres
1370 2428 1525 2454 carmen
1550 2419 1706 2453 Gruteri

183 2482 329 2524 expecta
373 2477 588 2512 Vincentius
612 2476 704 2522 132,
746 2476 939 2511 Walterus
963 2477 1108 2521 Burleys
1224 2475 1317 2521 quod
1352 2474 1453 2509 alteri
1488 2475 1703 2509 Vincentius

182 2533 249 2577 67,
290 2533 481 2568 Walterus
596 2532 708 2567 altero
741 2543 897 2567 carmen
921 2533 1075 2567 Gruteri
1190 2531 1377 2566 Disseruit
1407 2531 1452 2565 (le
1482 2531 1553 2565 hoc
1585 2540 1701 2565 uersu

182 2589 411 2625 Ritsehete'us
432 2598 562 2633 opusc.
587 2588 630 2623 II
651 2587 730 2623 667
834 2587 857 2623 3
890 2589 949 2634 qui
971 2588 1038 2622 scit
1062 2589 1176 2622 uereri
1211 2587 1238 2621 V
1333 2591 1411 2621 tuto
1436 2585 1469 2620 B
1498 2596 1699 2630 suprascr.

182 2655 255 2680 sec.
295 2657 354 2689 m.,
388 2644 438 2679 Pq
475 2655 577 2678 (forr.
612 2654 690 2678 rec.
724 2655 783 2686 m.,
816 2641 855 2690 β,
887 2644 991 2677 codd.
1017 2644 1183 2687 Crateri,
1216 2643 1404 2677 Erasmus
1436 2646 1509 2676 [ula
1542 2642 1644 2676 FPR
1661 2641 1700 2685 V7

183 2701 339 2736 Gruteri
359 2701 506 2735 cortices
529 2701 699 2746 quidam,
730 2700 868 2744 probat
901 2698 1140 2743 Woelfflsnus
1162 2704 1260 2733 tutus
1286 2697 1315 2731 C
1331 2703 1409 2744 apta
1437 2697 1468 2731 B
1555 2697 1701 2744 aggredi

182 2757 368 2792 Erasmus
390 2760 425 2791 et
447 2756 553 2791 codd.
577 2757 726 2802 quidam
750 2755 904 2790 Gruteri
1018 2753 1040 2788 4
1067 2754 1214 2788 humana
1249 2754 1278 2789 V
1364 2754 1457 2787 lirma
1491 2755 1616 2788 erasis
1644 2754 1701 2787 lit-

185 2815 276 2847 teris
305 2813 339 2847 in
373 2812 407 2846 R
438 2811 560 2846 firmus
594 2812 624 2847 V
725 2811 861 2846 inlisum
896 2810 992 2845 lit-nm
1021 2810 1111 2845 Tun.
1139 2810 1276 2855 Faber,
1308 2811 1503 2856 elessanter
1617 2820 1701 2844 con-

184 2879 303 2903 sessus
333 2863 383 2903 Pb
417 2868 604 2903 consessus
637 2867 726 2902 BPff
