2023 3287
684 241 895 280 *nl-:Onus
922 243 1160 278 LAssl-:mvs

1594 242 1619 284 Ν]

1623 242 1647 283 *fs-1

1650 256 1675 284 ω
1654 242 1670 249 ·,

898 351 935 392 ll

279 431 505 469 manuatus
539 431 603 469 esf.

762 502 1081 544 CRETENSIS

188 582 244 622 40
1022 580 1330 633 fiirmacopoles
1364 579 1533 620 sinuum

276 657 484 698 Dealna'ire
517 658 667 711 coepit.

782 732 1051 774 EPHEBVS

857 809 875 849 I
910 808 975 865 (l)

278 886 515 927 Licentiam
548 902 596 928 ao
628 885 850 927 libidinem
883 889 931 927 ut
961 887 1110 927 toll-{tm
1144 886 1252 939 petis

274 963 465 1017 Togatae
499 963 653 1017 stirpis.

844 1044 886 1086 II
919 1043 985 1101 (2)

273 1120 436 1163 Idcirco
470 1137 549 1176 ope
581 1124 727 1163 nostra
761 1120 989 1162 dilatatum
1021 1124 1085 1162 est
1118 1122 1352 1163 dominium

185 1198 242 1239 45
274 1198 464 1252 Togatae
497 1199 649 1252 gentis.

155 1349 248 1370 cum
266 1363 275 1370 .
295 1339 526 1372 ..labella
551 1340 694 1372 lenis.²
746 1339 801 1371 Cf.
828 1339 973 1371 Afranii
999 1340 1167 1372 Fratriae
1194 1340 1279 1372 XXI
1372 1340 1407 1373 II
1433 1340 1575 1373 Gellius
1593 1340 1675 1373 XV]

155 1385 184 1423 7,
213 1386 227 1415 1
263 1383 452 1416 ’Laberius
482 1386 519 1416 iu
551 1385 686 1421 mimis,
719 1395 806 1426 quos
839 1384 1083 1426 seriptitauit,
1117 1385 1250 1427 oppido
1282 1395 1388 1426 quam
1426 1387 1540 1418 uerba
1575 1386 1678 1418 finxit

155 1429 409 1480 praelicenter.
469 1430 559 1460 Nam
589 1434 624 1461 et
656 1430 973 1461 meudieimonium
1000 1430 1090 1461 (licit
1117 1436 1152 1461 et
1186 1431 1484 1462 moechimonium
1512 1435 1547 1463 et
1574 1432 1677 1463 adul-

154 1474 331 1505 terionem
363 1474 706 1516 aslulteiitatemque
745 1486 808 1516 pro
847 1474 1029 1506 adulteiio
1057 1501 1062 1506 .
1090 1500 1097 1506 .
1124 1503 1130 1510 ,
1158 1480 1194 1506 et
1226 1476 1319 1516 quod
1352 1476 1388 1506 in
1420 1478 1526 1508 mimo
1565 1478 1676 1517 ponit,

155 1529 259 1560 quem
286 1519 489 1560 Cophinum
515 1521 678 1561 scripsit,
703 1524 936 1551 manuatus
964 1524 1030 1551 est
1056 1531 1135 1561 plo:
1163 1520 1306 1552 furatus
1331 1515 1410 1555 est?
1460 1521 1589 1563 Itaque
1616 1522 1679 1552 ubi

154 1564 547 1596 mendieimonium
576 1569 611 1595 et
636 1565 1003 1596 moechimonium
1025 1570 1060 1596 et
1079 1565 1308 1596 adulterio
1336 1569 1371 1596 et
1398 1565 1678 1597 adulteritas

155 1608 272 1640 locum
298 1608 513 1651 habuerint,
541 1620 559 1640 e
587 1609 704 1641 Gellio
732 1609 875 1650 quidem
904 1619 974 1640 non
1002 1609 1134 1641 elucet.
1176 1610 1313 1641 Nonius
1341 1615 1459 1642 autem
1486 1621 1578 1652 quae
1605 1615 1678 1642 tra-

155 1653 208 1684 dit
227 1664 258 1695 p.
279 1655 353 1693 140,
373 1656 432 1685 31:
460 1654 881 1685 ‘mendieimoniurn’
901 1654 1225 1693 (medimonium
1243 1655 1347 1687 Colb.
1366 1655 1474 1694 Dan.)
1500 1659 1552 1687 ‘et
1570 1667 1679 1687 moc—

157 1697 411 1729 eimonium⁷
453 1698 838 1738 (moechimonium
876 1700 1069 1739 Bentinus)
1131 1700 1332 1731 ‘Laberius
1370 1702 1406 1731 in
1442 1700 1534 1732 libro
1572 1711 1678 1742 quem

156 1742 374 1795 Cropium‘
402 1742 661 1784 (Cophinum
688 1742 888 1784 Meieerus)
915 1745 1133 1785 ‘inscripsit
1183 1745 1220 1776 in
1255 1755 1296 1776 eo
1321 1746 1436 1777 uerba
1461 1745 1551 1777 haec
1578 1747 1679 1777 inue-

156 1788 248 1827 niet,
281 1790 341 1828 qui
368 1787 556 1819 doctrinae
583 1789 740 1820 studium
771 1789 956 1830 putauerit
980 1789 1237 1823 adhibendum
1285 1790 1322 1820 in
1347 1799 1394 1821 eo
1418 1790 1513 1821 libio
1539 1801 1679 1851 quoque

155 1843 190 1863 m
201 1843 249 1864 111
262 1826 366 1864 stus
393 1833 646 1872 (manuatus
663 1834 874 1873 Bentinus)‚
903 1834 1012 1874 ‘quod
1032 1838 1089 1865 est
1107 1835 1267 1873 furatus,
1284 1835 1450 1866 inuenire
1470 1838 1550 1867 est?
1577 1836 1680 1866 item

158 1888 225 1919 que
252 1888 283 1919 p,
310 1879 363 1917 70,
389 1880 409 1909 3
435 1878 783 1910 ‘adulterionem
808 1889 871 1920 pro
899 1878 1063 1910 adultero
1083 1879 1263 1911 Laberius
1290 1881 1534 1921 Quoprino:
1527 1883 1550 1898 ·’
1578 1882 1679 1922 (quo

225 1929 250 1944 m

156 1945 285 1986 prino
310 1945 392 1976 Par.
417 1945 445 1975 P
473 1945 657 1986 coprino
689 1946 816 1977 Bamb.
842 1946 960 1979 Turio,
988 1945 1089 1977 Colb.
1122 1947 1228 1985 Dan,
1262 1957 1325 1978 ms.
1356 1947 1453 1978 lunii
1485 1946 1679 1989 Caprino

156 1991 340 2021 Mercerus
366 1989 503 2031 (soph
495 2000 565 2021 1no
590 1991 768 2029 Iunius)‘
774 2001 877 2032 quem
908 1991 938 2022 si
964 1991 1044 2032 quis
1074 1990 1197 2032 legere
1223 1991 1402 2032 uoluerit,
1434 1992 1485 2023 ibi
1516 1993 1680 2023 inueniet

158 2038 194 2065 et
218 2033 323 2066 fidem
350 2039 510 2066 nostiam
536 2045 601 2066 sua
635 2035 828 2077 diligentia
859 2036 1066 2067 adiuuabit’
1094 2046 1136 2067 ex
1160 2033 1259 2068 nullo
1292 2036 1364 2068 alio
1397 2037 1499 2068 fonte
1531 2038 1603 2068 nisi
1636 2048 1678 2068 ex

159 2079 284 2110 eodem
311 2079 430 2111 Gellio
462 2080 585 2111 hausit
619 2080 767 2122 eiusque
801 2081 843 2112 de
876 2091 946 2112 uno
976 2081 1156 2112 uocabulo
1188 2081 1436 2113 testimonium
1469 2085 1604 2114 temere
1633 2082 1678 2113 ad

158 2123 300 2165 reliqua
325 2125 528 2156 transtulit..
577 2124 635 2157 Cf.
659 2126 833 2157 Hertzius
860 2125 996 2157 annall.
1022 2125 1163 2167 philoll.
1193 2127 1278 2158 1862
1305 2137 1338 2168 p.
1365 2128 1440 2158 724.

249 2180 449 2212 CnsTi-msm
499 2181 686 2213 Charisius
712 2183 728 2214 I
754 2193 786 2224 p.
812 2183 855 2213 84
879 2183 917 2214 P.
950 2183 1135 2214 ‘simiam
1167 2186 1336 2214 auctores
1368 2183 1537 2214 dixerunt
1567 2184 1679 2215 etiam

159 2226 196 2256 in
222 2223 438 2266 masculino,
470 2230 510 2257 ut
533 2226 708 2258 Afranius
726 2252 733 2259 .
754 2252 760 2258 .
783 2252 789 2258 .
815 2228 998 2259 Laberius
1029 2231 1150 2259 tamen
1181 2228 1219 2259 in
1244 2227 1412 2260 Cretensi
1445 2229 1515 2260 ait:
1549 2229 1680 2260 farma-

161 2292 320 2334 copoles’
348 2303 379 2326 e.
409 2303 442 2335 q.
469 2304 496 2328 S.
523 2277 678 2335 (citens.
705 2294 784 2327 cod.
812 2298 906 2326 teste
934 2295 977 2326 H.
1003 2295 1062 2336 K„
1096 2295 1155 2336 qui
1180 2294 1344 2326 ultimam
1370 2295 1530 2327 litteram
1558 2296 1678 2337 legere

159 2370 230 2391 non
257 2361 391 2402 potuit,
425 2344 445 2392 (ξ
469 2365 590 2393 autem
608 2361 813 2403 significare
839 2372 909 2393 cre
929 2366 1061 2394 monet.
1090 2363 1268 2394 creunsi
1293 2363 1346 2395 ed.
1365 2373 1415 2404 pr.
1442 2373 1520 2395 cum
1546 2364 1679 2395 ceteris

160 2409 244 2436 ante
271 2404 573 2448 Lindemannum)

249 2463 420 2494 Epnnevs
466 2463 672 2496 Macrobius
697 2463 771 2498 Sat,
797 2464 846 2496 V1
872 2466 904 2503 5,
933 2466 972 2496 15
997 2463 1186 2496 ‘decenter
1212 2468 1248 2496 et
1272 2464 1329 2496 his
1356 2465 1528 2506 epithetis
1548 2466 1677 2506 Vergi-

159 2507 228 2539 lius
253 2517 339 2540 usus
371 2512 425 2540 est
450 2532 457 2539 .
484 2533 491 2538 .
515 2535 522 2541 .
549 2519 612 2550 pro
643 2508 814 2540 Romanis
846 2514 1099 2550 gentemque
1131 2514 1348 2549 togatam,
1381 2520 1530 2551 quorum
1565 2509 1679 2541 altero

161 2552 334 2591 Sueuius,
367 2552 483 2584 altero
509 2553 690 2585 Laberius
720 2563 806 2586 usus
839 2558 919 2585 erat
942 2581 949 2588 .
968 2581 975 2588 .
994 2578 1028 2587 ..
1054 2564 1096 2585 ac
1122 2579 1156 2586 ..
1182 2554 1362 2586 Laberius
1395 2555 1431 2585 in
1457 2555 1607 2596 Ephebo
1634 2553 1679 2596 [Ι]

162 2597 258 2629 idem
283 2598 381 2630 infra
407 2596 503 2640 [II].’
552 2597 732 2644 (ephezbo
758 2599 874 2630 Paris.
902 2598 937 2640 a)

273 2728 323 2764 41
358 2729 518 2764 deamure
549 2729 754 2765 Pucsclzius
785 2734 819 2765 te
851 2740 966 2769 amare
998 2730 1079 2766 cod.
1196 2731 1325 2777 occipit
1355 2729 1561 2766 Putsclzius

174 2784 289 2821 Vnum
321 2788 513 2821 senarium
545 2785 705 2821 <leumiim
737 2786 854 2832 coepit
886 2785 1141 2832 surinacopoles
1171 2786 1311 2821 simiam
1336 2786 1595 2822 Buecheler-us
1625 2786 1682 2833 ef·

161 2842 276 2887 finxit
416 2841 470 2877 4²2
501 2841 661 2878 Licentia
691 2842 786 2877 Par.
819 2853 842 2876 α
975 2842 1068 2889 petis
1100 2853 1168 2878 om.
1201 2842 1295 2878 Par.
1329 2855 1351 2877 (ι
1488 2842 1540 2878 44
1573 2854 1681 2891 opera

163 2897 263 2935 Med.
294 2910 317 2933 α
