2023 3287
233 209 286 247 86
759 209 941 241 SEXTVS
967 208 1161 240 TVRPILI
1169 209 1222 240 vs

351 388 449 429 Non
489 402 570 441 ago
608 387 688 429 hoc
727 402 802 442 per
847 387 994 442 sagam
1032 387 1168 441 pretio
1214 387 1486 441 conductam,
1529 389 1577 428 ut
1620 386 1750 440 uulgo

1295 464 1445 504 solent.

799 555 1187 599 CANEPHORVS

933 618 1050 687 1'(3)

352 710 414 750 lta
439 712 517 750 est:
539 724 685 750 uerum
706 709 812 750 haut
830 709 996 750 facilest
1015 710 1160 750 uenire
1180 709 1241 749 illi
1264 709 1333 749 ribi
1355 708 1436 749 sita
1451 710 1515 749 est
1534 708 1753 762 sapientia..

268 788 320 826 10
356 785 549 840 Spissum
582 788 646 827 est
682 786 782 826 iter:
827 783 961 840 apisci
997 785 1105 826 haut
1141 799 1310 839 possem
1347 783 1431 825 nisi
1464 799 1558 825 cum
1597 799 1753 840 magna

1294 859 1476 902 miseria.

931 931 973 972 ΙΙ
1006 930 1071 986 (1)

495 1010 801 1050 testamentum
834 1009 934 1063 e'rgo
968 1006 1155 1048 celabis?
1190 1006 1210 1053 [Γ
1241 1007 1344 1061 logi!

916 1118 980 1159 HI
1014 1117 1078 1173 (4)

356 1197 466 1239 Satis
499 1196 628 1237 friicti
660 1195 854 1236 reddunt.

913 1270 976 1312 IV
1010 1269 1076 1326 (2)

502 1383 509 1390 .
571 1349 684 1390 nosti
718 1349 844 1402 quam
878 1347 933 1388 sit
965 1347 1114 1403 gracili
1146 1348 1333 1401 corpore.

326 1496 375 1528 VI
400 1496 538 1528 Nonius
564 1498 618 1534 23,
652 1496 671 1527 5
704 1498 856 1536 ‘sagae
889 1494 1057 1525 mulieres
1090 1493 1258 1525 dicuntur
1291 1493 1448 1524 feminae
1482 1494 1527 1525 ad
1560 1493 1757 1526 lubidinem

236 1543 393 1574 uirorum
420 1540 671 1582 indagatrices
689 1563 697 1572 .
716 1563 724 1571 .
742 1565 750 1573 .
769 1539 956 1580 Turpilius
981 1538 1263 1570 Boethontib
1274 1548 1339 1569 us:
1366 1541 1451 1570 non'
1478 1549 1509 1572 e.
1538 1549 1570 1580 q.
1596 1549 1625 1572 s.

326 1597 573 1629 CANEPHORVS
599 1595 803 1628 Menandri.
853 1595 940 1626 Eius
960 1595 1054 1626 enim
1075 1606 1117 1626 ex
1136 1595 1350 1634 cognomine
1369 1594 1496 1626 fabula
1522 1595 1567 1626 fr.
1594 1594 1646 1626 11:
1672 1589 1759 1626 οἳλο-

239 1643 369 1686 γίστου
395 1638 536 1684 τρόπου
558 1635 744 1683 Ἀτύχημα
770 1634 931 1681 φεύγειν
957 1634 1059 1672 ἐστὶν
1085 1633 1153 1671 οὐκ
1180 1634 1419 1681 αὐθαίρετον
1445 1642 1528 1681 apte
1546 1639 1760 1670 Ladewicus

237 1690 281 1720 de
306 1688 409 1722 Volc.
436 1687 558 1729 Sedig.
587 1687 627 1718 18
660 1685 863 1727 composuit
894 1695 973 1716 cum
1001 1685 1043 1716 fr.
1069 1685 1102 1721 Ι,
1136 1685 1239 1716 modo
1270 1695 1315 1716 ne
1346 1685 1444 1716 inter
1468 1684 1560 1716 duas
1585 1694 1761 1726 personas

169 1747 173 1748 ⁷
235 1737 426 1775 utrumque
452 1731 710 1764 distribuisset.
756 1731 1047 1762 Pronuntiantur
1080 1731 1174 1761 enim
1208 1729 1252 1760 ab
1278 1740 1348 1761 uno
1372 1729 1587 1771 eodemque,
1620 1729 1680 1771 qui
1704 1729 1761 1760 in—

238 1778 551 1810 considerantiam
576 1786 679 1808 suam
703 1775 814 1807 insita
838 1777 993 1806 naturae
1019 1774 1140 1806 indole
1168 1778 1326 1806 excusat.
1419 1774 1437 1805 Ι
1460 1774 1599 1806 Nonius
1615 1775 1692 1813 392,
1717 1775 1760 1805 26

237 1823 444 1865 ‘spissum
471 1821 656 1863 significat
680 1820 1041 1861 tarde...Turpilius
1067 1819 1265 1851 Caneforo:
1291 1822 1359 1850 ita’
1388 1830 1418 1853 e.
1447 1829 1479 1860 q.
1506 1829 1533 1850 s.
1626 1819 1663 1850 11
1687 1819 1760 1850 No-

238 1869 320 1900 nius
348 1869 403 1909 63,
435 1869 472 1899 19
500 1867 610 1908 ‘logi
636 1877 657 1897 a
684 1866 822 1898 Gracco
840 1874 1021 1904 sermone,
1048 1863 1108 1895 uel
1133 1864 1232 1896 dicta
1256 1863 1414 1895 ridicula
1433 1867 1468 1896 et
1493 1863 1760 1895 contemnenda

243 1939 251 1946 .
266 1938 273 1944 .
289 1913 491 1954 ,Turpilius
510 1911 710 1943 Caneforoz
737 1912 1007 1942 testamentum’
1027 1920 1057 1941 e.
1076 1919 1108 1950 q.
1127 1919 1153 1939 s.
1245 1909 1300 1940 III
1318 1909 1457 1941 Nonius
1473 1909 1550 1948 491,
1568 1909 1587 1939 6
1606 1908 1760 1940 ‘fructi

237 1958 297 1989 uel
323 1958 477 1988 fructuis
503 1966 566 1998 pro
593 1956 745 1987 fructus.
792 1954 980 1996 Turpilius
1005 1953 1204 1985 Caneforo:
1239 1954 1330 1985 satis
1356 1953 1380 1984 f.
1406 1955 1451 1985 Γ.)
1544 1953 1594 1984 IV
1621 1953 1761 1984 Nonius

239 2004 314 2041 116,
340 2004 360 2034 9
387 2001 619 2043 ‘gracilitudo
646 2004 682 2031 et
713 1999 900 2042 gracilens
930 2009 994 2040 pro
1019 1998 1172 2040 gracilis
1203 2001 1241 2029 et
1272 1998 1512 2040 gracilentum
1538 2007 1603 2039 pro
1629 1997 1761 2038 gracili

237 2051 274 2080 et
300 2047 491 2088 gracilium
525 2056 588 2087 pro
621 2044 838 2087 gracilitas.’
871 2042 961 2085 (pro
994 2042 1160 2084 gracili
1195 2046 1236 2075 et
1268 2042 1508 2085 gracilium
1541 2052 1609 2076 om.
1634 2043 1758 2076 Bamh.

238 2091 473 2124 Scribendum
500 2089 737 2132 ‘gracilitudo
763 2099 826 2130 pro
852 2088 1064 2130 gracilitas,
1089 2087 1274 2129 gracilens
1293 2091 1329 2119 et
1355 2087 1594 2129 gracilentum
1620 2090 1656 2118 et
1681 2098 1761 2128 gra-

238 2137 345 2169 cilum
370 2147 434 2178 pro
461 2133 634 2178 gracili’)
661 2134 806 2165 ‘Accius
827 2159 833 2165 .
853 2157 861 2164 .
880 2158 888 2165 .
906 2133 1128 2174 gracilitudo
1146 2157 1154 2163 .
1175 2157 1182 2163 .
1202 2157 1209 2164 .
1229 2133 1370 2164 Ennius
1387 2157 1394 2164 .
1415 2160 1421 2166 .
1443 2157 1450 2164 .
1470 2131 1528 2163 filo
1546 2131 1761 2173 gracilento.

238 2182 415 2214 Naeuius'
443 2179 564 2222 (immo
591 2179 797 2218 ‘Laeuius’,
822 2182 862 2209 ut
891 2178 986 2220 ‘uidit
1011 2176 1196 2218 Osannus)
1224 2177 1573 2209 ‘Protesilaodamia
1591 2200 1598 2208 .
1616 2201 1624 2208 .
1643 2177 1761 2218 graci-

238 2226 488 2259 lenticolorem
519 2253 526 2259 .
557 2249 565 2258 .
595 2224 797 2266 gracilans’
830 2224 914 2264 (scr.
948 2222 1178 2264 ‘gracilens')
1210 2221 1277 2254 <fin
1343 2222 1528 2264 Turpilius
1561 2221 1761 2254 Caneforo:

243 2272 354 2304 nosti'
381 2282 411 2303 e.
438 2281 468 2311 q.
497 2282 524 2302 s.

353 2407 374 2442 9
407 2407 454 2441 ita
488 2411 542 2441 cst
572 2407 662 2441 libri
697 2405 782 2440 itast
812 2404 1007 2452 Berylcius
1038 2405 1183 2440 unnccll.
1210 2404 1349 2449 philon
1373 2403 1480 2439 1870
1512 2413 1554 2447 p.
1587 2401 1668 2438 834
1700 2401 1760 2447 ita,

241 2476 308 2501 mn,
341 2468 416 2508 cst,
449 2464 533 2498 olim
566 2462 682 2507 edidi,
714 2463 861 2496 minime
892 2465 1028 2496 contra
1061 2461 1369 2496 consuetudinem
1485 2458 1570 2493 haut
1601 2458 1762 2504 Stepha-

240 2530 312 2555 nus
341 2523 401 2553 aut
437 2519 527 2554 libri
641 2517 742 2552 facile
783 2522 837 2552 est
876 2517 965 2552 libri
1076 2516 1139 2551 illo
1169 2517 1321 2561 Lipsius
1356 2515 1430 2560 Ep.
1461 2525 1522 2561 qu.
1568 2514 1597 2549 V
1626 2513 1648 2548 2

240 2576 305 2610 sita
336 2575 495 2611 Rothius
527 2573 554 2609 si
586 2574 634 2609 ita
663 2573 804 2609 Genea.
838 2573 958 2608 Busil.
981 2577 1079 2615 suta,
1111 2582 1312 2618 suprascr.
1345 2571 1469 2618 spissa,
1502 2570 1618 2605 Harl.
1650 2570 1762 2616 spissa

241 2633 361 2667 ceteri
389 2631 478 2666 libri
621 2629 673 2666 10
702 2629 810 2676 apisci
850 2631 993 2674 scripsi
1019 2628 1164 2675 adipisci
1199 2629 1288 2664 libri
1401 2627 1485 2661 haut
1514 2626 1666 2670 Lipsius
1703 2631 1763 2660 aut

238 2688 329 2723 libri
441 2697 584 2734 possem
616 2688 758 2732 scripsi
793 2696 901 2732 posse
929 2685 1019 2720 libri
1052 2685 1169 2731 possis
1199 2685 1352 2729 Lipsius
1474 2681 1588 2728 Vul9ro
1621 2682 1764 2716 iambos

240 2744 479 2787 describunt,
513 2745 599 2778 item
622 2742 813 2789 Berylcius
832 2742 892 2777 liis
905 2742 1136 2787 propositis:
1165 2739 1357 2787 spissumst
1376 2739 1461 2773 iter:
1493 2736 1638 2784 adipisci
1671 2736 1761 2771 haud

242 2803 408 2845 potestur
553 2798 600 2832 11
634 2797 782 2834 caelabis
813 2797 858 2831 W
984 2796 1033 2833 13
1066 2796 1193 2831 cracilc
1223 2806 1354 2841 corpus
1385 2794 1488 2829 Lez'd.
1547 2792 1761 2828 Secundum

241 2856 375 2890 lemma
410 2854 521 2889 Nonii
557 2859 624 2889 aut
663 2852 758 2889 nosti
796 2864 899 2900 quam
931 2853 977 2888 sit
1015 2852 1189 2900 gracilens
1212 2861 1359 2899 *corpus
1398 2854 1464 2885 cczcl
1497 2849 1613 2895 nosti,
1652 2848 1760 2892 Quam
