2023 3287
291 226 421 263 CXXX
931 227 1170 265 TRAGICOS

407 334 678 378 sANTRAE
707 353 743 379 v.
776 338 802 378 2
831 338 1039 390 fomentum
1068 340 1118 381 ab
1147 340 1262 382 omni
1282 344 1405 395 parte
1424 341 1635 397 Bergkius
1655 341 1810 385 Philol.

288 406 476 449 XXXIII
509 408 606 450 251.
1840 427 1843 429 ’

406 620 571 662 VARII
590 638 627 664 v.
649 622 674 664 3
697 637 784 677 sqq.
806 622 918 665 idem
937 624 964 666 l.
984 623 1010 667 1.
1031 625 1114 667 287
1137 640 1196 680 sq.
1218 625 1338 666 miris
1354 624 1492 667 modis
1515 625 1573 667 sie
1588 627 1810 668 tractavit:

690 693 850 735 tradita
881 696 1068 749 primum
1098 697 1198 737 huic

688 766 831 807 nervis
865 769 1029 820 septem
1062 769 1127 808 est
1158 768 1325 808 intenta
1355 767 1460 808 fides

689 836 880 890 variique
913 837 1002 878 dati
1033 852 1187 879 vocum
1218 838 1344 879 modi.

689 906 742 947 ad
775 922 880 961 quos
913 909 1060 950 mundi
1090 911 1266 951 resonat
1296 924 1437 965 canor,

689 993 766 1019 sua
799 993 843 1019 se
875 979 919 1019 in
951 980 1135 1035 vestigia
1166 981 1353 1022 volvens.

403 1202 517 1246 INC.
565 1201 679 1245 INC.
728 1202 853 1244 FAB.
905 1218 941 1244 v.
993 1203 1018 1244 G
1065 1204 1171 1256 sato]
1224 1207 1352 1246 taetus
1401 1204 1613 1260 Bergkius
1656 1204 1809 1246 Philol.

284 1274 470 1316 XXXIII
503 1275 601 1328 307,
634 1275 745 1328 quod
771 1277 949 1328 propter
975 1275 1197 1328 sequentia
1222 1276 1453 1330 participia
1478 1291 1631 1330 parum
1656 1276 1809 1330 placet.

404 1358 458 1399 59
502 1360 706 1411 pemepoet
756 1371 903 1397 rursus
953 1358 1268 1400 commendavit
1316 1359 1366 1400 A.
1410 1359 1602 1401 Koehius
1653 1357 1810 1398 annall.

286 1429 450 1483 philon.
488 1429 597 1470 1871
630 1443 670 1482 p.
704 1428 801 1469 827.

404 1512 459 1554 86
492 1512 538 1553 ob
572 1511 742 1552 Troiam
773 1509 908 1551 futtili
941 1511 1186 1553 conieotura
1217 1511 1429 1568 Bergkius
1462 1513 1487 1554 1.
1520 1513 1546 1552 l.
1578 1512 1675 1553 307.

402 1594 458 1636 96
492 1595 580 1646 tua]
614 1593 709 1634 tuba
740 1593 853 1634 idem
884 1609 925 1648 p.
956 1594 1054 1635 279.

403 1676 471 1717 Ad
503 1677 556 1718 97
592 1691 652 1730 sq.
685 1675 736 1717 of.
766 1674 912 1718 Plauti
943 1675 1100 1718 Bacch.
1136 1677 1259 1718 1120.
1547 1725 1551 1728 ‚

407 1760 487 1802 101
522 1759 659 1801 Iovem
683 1774 813 1813 prope
839 1763 992 1814 yozatus
1022 1763 1079 1802 est
1108 1758 1320 1814 Bergkius
1353 1774 1394 1813 p.
1426 1759 1529 1815 310,
1563 1759 1637 1801 sed
1673 1759 1808 1814 ipsius

283 1832 367 1873 loci
411 1831 597 1885 simplici
637 1832 679 1872 et
717 1831 925 1873 concinno
966 1846 1160 1873 sermone
1194 1830 1300 1871 satis
1332 1829 1555 1886 refutatur,
1588 1830 1659 1884 qui
1691 1831 1810 1871 vetat

285 1903 417 1944 etiam
448 1917 486 1944 v.
523 1902 605 1942 102
639 1901 768 1943 deleri
799 1906 921 1945 orbus.

405 1986 484 2026 111
521 1984 694 2039 Tuetur,
725 1987 773 2026 ut
806 1988 1141 2026 consentaneum
1179 1987 1263 2039 est,
1300 1984 1513 2039 Bergkius
1545 1999 1586 2038 p.
1617 1984 1701 2026 278
1735 1985 1807 2024 tri-

285 2056 501 2110 syllabum
532 2059 684 2109 aqc'iam
716 2057 1026 2111 proposuitque
1059 2058 1318 2111 anapaestos

567 2140 610 2179 et
639 2141 785 2180 mento
819 2153 1030 2180 summam
1063 2143 1218 2193 aqiiam
1250 2138 1468 2193 attingens

567 2212 739 2251 enectus
773 2210 846 2251 siti
874 2210 1086 2267 ‘Tantalus
1119 2244 1127 2253 .
1160 2242 1169 2251 .

407 2292 488 2334 139
523 2306 583 2346 sq.
603 2291 856 2334 Perseverat
887 2292 932 2333 in
962 2293 1222 2347 pentametri
1245 2291 1454 2334 trochaici
1475 2291 1540 2332 sui
1558 2292 1683 2344 we'que
1700 2292 1809 2333 em'm

274 2365 421 2417 patim·
458 2378 492 2405 e.
530 2378 567 2417 q.
607 2378 637 2404 s,
676 2377 877 2404 mensura
908 2363 1022 2404 idem
1053 2379 1093 2418 p.
1135 2364 1220 2405 308
1261 2375 1367 2418 sqq„
1409 2362 1687 2412 Quintilianei
1724 2362 1807 2403 loci

285 2434 542 2476 sententiam
572 2448 772 2487 perverse
803 2434 1123 2488 interpretatus.

406 2517 488 2559 158
512 2520 679 2571 praeter
709 2518 940 2571 roffl'tatum,
971 2519 1008 2559 sa·
1037 2518 1171 2572 sapies
1201 2517 1314 2558 idem
1345 2532 1385 2571 p.
1411 2516 1508 2571 310,
1538 2530 1691 2570 parum
1709 2530 1807 2570 pro-

285 2588 500 2630 habiliter.

407 2671 486 2712 197
522 2685 610 2725 sqq.
650 2671 709 2712 sio
741 2670 993 2726 corrigenda
1025 2685 1117 2712 esse
1149 2671 1295 2713 censet
1324 2669 1542 2712 Baehrens
1579 2668 1606 2709 1.
1643 2669 1669 2710 l.
1702 2669 1806 2709 623:
1844 2687 1848 2696 ¹

498 2753 586 2794 sive
618 2752 704 2795 ista
734 2754 872 2795 virtus
907 2757 980 2795 seri
1003 2753 1285 2807 patroemizim
1315 2753 1418 2795 cluet

495 2823 753 2880 horre'mlum,
784 2826 1020 2867 miseranda
1050 2825 1130 2866 ista
1160 2824 1243 2866 sive
1272 2825 1332 2864 est
1359 2821 1586 2873 calamita&

497 2895 610 2949 quod
642 2895 844 2949 expulisti
877 2895 1044 2937 salicios
1075 2895 1216 2949 patrio
1247 2893 1337 2934 lare
