2023 3287
814 236 887 267 CN.
913 235 1119 266 NAEVIVS
1666 232 1721 272 29

860 337 939 377 XX
973 336 1067 391 (13)

326 411 403 453 Vel
438 427 544 466 quae
578 415 719 466 sperat
752 414 795 451 se
828 416 1058 466 nupturum
1091 412 1274 453 usridulo
1309 413 1640 467 iululeseentulo,

328 486 400 528 'Ea
435 489 533 528 licet
565 487 698 528 senile
731 491 885 528 tractet
917 489 1116 528 detritum
1151 488 1426 528 rutz'iliulum?

847 593 950 634 XXI
983 593 1078 648 (15)

323 670 539 710 Suniican]
596 684 686 710 esse
744 672 914 723 oporiet
963 684 1152 722 causum,
1203 683 1329 722 quum
1379 669 1523 710 &brem
1575 671 1726 723 perdas

1052 746 1282 785 nuiliereln.

780 850 907 891 XXII
940 849 1067 904 (Add.
1101 850 1146 905 5)

321 926 436 967 Haec
459 926 629 980 qusdem
660 927 818 978 hercle,
852 927 1021 980 opinor,
1053 928 1234 979 praefica
1255 929 1334 966 est:
1368 927 1487 980 quasi
1509 929 1723 969 m6rtuum

1051 1002 1273 1043 collaudat.

201 1145 312 1174 imus
343 1143 458 1174 Paris.
483 1142 528 1184 A)
589 1143 801 1174 Priscianus
833 1143 863 1173 X
896 1144 911 1174 1
946 1153 979 1184 p.
1007 1144 1072 1174 875
1101 1143 1140 1173 P.
1173 1143 1267 1174 ‘aio
1377 1144 1613 1184 imperatiuus
1646 1144 1681 1174 in
1716 1145 1727 1174 i

201 1189 402 1220 terminans
421 1212 429 1220 .
451 1213 483 1221 ..
510 1187 694 1219 Naeuius:
729 1190 791 1218 an’
819 1198 849 1218 e.
877 1198 908 1228 q.
943 1198 968 1219 s.
1003 1186 1177 1228 (neuius
1209 1187 1317 1218 Barb.
1345 1188 1455 1229 Sang.
1482 1187 1594 1229 Bong.
1623 1188 1724 1220 Grut.

201 1232 370 1273 Carolir.)
401 1232 498 1263 Idem
530 1232 561 1262 X
593 1234 613 1263 9
645 1243 679 1274 p.
711 1233 775 1264 906
808 1232 845 1263 Ρ.
880 1233 962 1263 ‘aio
994 1256 1000 1262 .
1035 1257 1040 1263 .
1077 1257 1083 1262 .
1117 1232 1334 1274 imperatiuo
1367 1233 1403 1263 in
1445 1233 1457 1262 i
1494 1234 1724 1264 terminante.

201 1277 255 1308 sio
288 1278 380 1308 enim
414 1277 550 1309 Probus
581 1276 626 1309 de
658 1277 765 1308 dubio
802 1277 966 1318 perfecto
998 1280 1165 1308 tractans
1196 1276 1355 1308 ostendit
1386 1277 1566 1308 Naeuium
1604 1281 1724 1318 protu-

200 1321 303 1353 lisse:
341 1324 409 1353 an’
447 1332 478 1353 e.
516 1331 549 1362 q.
589 1331 616 1354 s.
657 1322 847 1361 (nenium
884 1322 973 1362 Reg.
1010 1321 1136 1352 Bamb.
1174 1323 1286 1362 Bong.
1324 1321 1434 1362 Sang.
1472 1321 1592 1363 Grut.)
1629 1322 1724 1353 idem

201 1366 310 1407 paulo
336 1366 434 1397 infra
459 1365 572 1406 ‘quod
599 1370 721 1397 autem
745 1367 782 1397 in
809 1366 907 1397 aliis’
935 1367 1000 1405 (se.
1028 1366 1211 1407 personis,
1238 1366 1328 1397 dicit
1353 1366 1396 1396 de
1422 1366 1539 1407 prima
1570 1366 1661 1408 sing.
1689 1373 1724 1399 et

199 1412 312 1442 tertia
329 1410 436 1452 plur.)
455 1411 678 1452 ‘corripitur’
697 1411 851 1447 (uocalis
870 1411 919 1451 a),
940 1411 1116 1442 ‘ostendit
1134 1420 1221 1442 usus
1241 1436 1270 1444 ..
1287 1438 1293 1443 .
1312 1410 1493 1442 Naeuius:
1519 1414 1581 1442 an’
1601 1421 1631 1443 e.
1648 1422 1681 1452 q.
1697 1422 1724 1443 s.

201 1455 373 1495 (neuius
398 1456 488 1497 Reg.
514 1456 628 1498 Bong,
654 1457 807 1487 ennius
832 1455 954 1487 Bamb.
979 1455 1089 1487 Halb.
1116 1455 1227 1496 Sang.
1255 1454 1356 1489 Grut.
1385 1454 1554 1495 Carolir.)

198 1500 266 1531 XX
290 1500 422 1531 Festus
452 1511 486 1541 p.
511 1501 578 1531 262
602 1501 649 1531 Μ.
682 1500 953 1531 ‘rutabulum
985 1503 1041 1531 est
1078 1510 1145 1541 quo
1176 1500 1302 1531 rustici
1334 1501 1371 1531 in
1402 1500 1608 1541 proruendo
1640 1501 1724 1542 igne

200 1545 303 1586 panis
329 1544 509 1586 coquendi
534 1545 654 1586 gratia
681 1543 874 1586 [utuntur.}
922 1545 1062 1576 Nouius
1094 1546 1132 1576 in
1157 1545 1244 1576 Pico
1270 1562 1311 1566 ——
1339 1562 1378 1566 -—
1404 1545 1575 1576 Nauius
1601 1546 1723 1577 obsce-

200 1600 282 1620 nam
313 1590 383 1621 uiri
415 1593 554 1631 partem
587 1590 817 1621 describens:
854 1589 912 1621 uel
945 1593 1048 1631 quae⁷
1084 1600 1114 1622 e.
1142 1600 1174 1631 q.
1200 1599 1226 1623 s,
1260 1588 1472 1629 (Naeuius
1504 1589 1614 1631 uulgo
1638 1590 1724 1622 No-

199 1635 296 1665 uius
322 1634 560 1675 Augustinus)
654 1634 738 1667 XXI
762 1635 895 1666 Festus
919 1645 953 1675 p.
978 1635 1044 1666 290
1068 1634 1116 1668 Μ.
1143 1634 1381 1665 ‘sonticum
1409 1634 1569 1665 morbum
1595 1635 1630 1665 in
1656 1635 1725 1666 XII

200 1679 406 1719 significare
438 1679 490 1709 ait
520 1678 644 1710 Aelius
677 1678 768 1710 Stilo
799 1682 937 1710 eertum
972 1689 1052 1710 cum
1083 1679 1182 1710 iusta
1214 1688 1346 1719 causa,
1384 1689 1488 1720 quem
1525 1689 1595 1711 non
1633 1679 1725 1711 nulli

198 1727 330 1765 putant
355 1734 451 1761 esse,
479 1725 541 1764 qui
566 1727 715 1762 noceat,
751 1723 846 1764 quod
872 1727 993 1755 sontes
1024 1723 1208 1764 significat
1233 1728 1418 1755 nocentes,
1468 1724 1629 1756 Naeuius
1656 1725 1724 1755 ait:

198 1769 391 1800 sonticam’
418 1779 447 1799 e.
466 1778 500 1809 q.
519 1778 545 1801 s,
594 1767 728 1799 Paulus
757 1778 789 1809 p.
811 1769 874 1800 291
894 1769 942 1800 M.
973 1768 1212 1799 ‘sonticum
1237 1769 1382 1800 iustum.
1425 1768 1606 1800 Naeuius:
1641 1778 1722 1800 son-

199 1814 322 1844 ticam'
351 1823 379 1844 e.
406 1823 439 1854 q.
467 1823 494 1844 s.
602 1812 706 1844 XXII
743 1813 853 1844 Varro
887 1813 930 1844 de
964 1813 987 1846 l.
1021 1814 1063 1845 L.
1096 1813 1166 1845 VII
1199 1814 1241 1844 ΤΟ
1272 1813 1320 1844 Μ.
1348 1813 1578 1854 <praefica
1609 1813 1722 1852 dicta,

135 1851 140 1854 ’
198 1860 238 1888 ut
268 1857 438 1889 Aurelius
471 1858 617 1896 scribit,
651 1857 780 1888 mulier
815 1857 861 1888 ad
894 1857 1026 1888 luctum
1059 1868 1151 1899 quae
1187 1857 1468 1897 conduceretur,
1508 1867 1603 1899 quae
1636 1862 1722 1890 ante

200 1902 341 1933 domum
367 1903 498 1933 mortui
531 1901 677 1933 laudeis
703 1903 782 1933 eius
814 1905 966 1933 caneret
998 1927 1004 1932 .
1031 1927 1038 1933 .
1067 1927 1073 1933 .
1108 1902 1267 1944 quibus
1305 1903 1616 1934 testimonium
1655 1906 1723 1934 est

199 1947 311 1988 quod
344 1947 504 1978 fretum
537 1951 604 1978 est
634 1946 814 1978 Naeuiiz
848 1946 954 1978 haec’
988 1958 1018 1978 e.
1045 1957 1076 1988 q.
1108 1956 1136 1977 S.
1189 1946 1558 1988 Quadrigeminis
1594 1957 1724 1979 nomen

198 1992 235 2022 in
260 1990 392 2024 litteris
419 1991 530 2032 quod
564 1992 724 2022 fretum
758 1995 826 2022 est
852 1991 969 2023 latere
1002 1991 1159 2023 coniecit
1184 1991 1225 2025 O,
1256 1991 1462 2023 Muellerus.
1513 1992 1626 2032 quod
1657 1992 1723 2023 af-

199 2037 286 2067 fert
304 2036 416 2067 idem
448 2035 670 2067 Ritsehelins
705 2036 851 2078 Parerg.
883 2037 898 2067 Ι
931 2037 984 2068 98.
1042 2035 1154 2077 quod
1186 2037 1339 2067 tritum
1375 2039 1443 2067 est
1476 2036 1724 2068 Buecheler-us

199 2080 310 2122 quod
335 2081 531 2112 facetum
550 2079 625 2123 (uel
652 2081 803 2112 facete
830 2080 1009 2120 dictum)
1036 2083 1104 2113 est
1128 2081 1284 2112 conicio:
1311 2085 1409 2112 certe
1429 2081 1542 2122 quod
1568 2085 1724 2112 estnon

198 2125 500 2165 oblitterandum,
529 2125 574 2156 cf.
602 2127 654 2157 15.
681 2127 736 2160 28,
760 2127 804 2157 46
898 2126 1022 2157 neuii
1053 2125 1169 2164 Flor.)
1217 2125 1323 2157 Pauli
1356 2126 1488 2157 Festus
1520 2136 1553 2167 p.
1585 2127 1651 2158 223
1676 2126 1724 2157 Μ.

197 2169 452 2211 ‘praeficao
479 2169 648 2201 dicuntur
665 2169 836 2201 mulieres
851 2170 894 2202 ad
913 2169 1181 2202 lamentandum
1199 2173 1377 2201 mortuum
1396 2170 1608 2210 conductae,
1629 2180 1722 2211 quae

201 2214 289 2246 dant
308 2215 442 2246 ceteris
459 2214 602 2246 modum
628 2214 848 2257 plangendi,
876 2215 982 2256 quasi
1007 2215 1044 2246 in
1069 2214 1137 2246 hoe
1155 2216 1272 2256 ipsum
1290 2215 1515 2257 praefectae.
1543 2215 1721 2247 Naeuius:

198 2378 385 2414 Diomedis
415 2379 531 2424 sporis
563 2378 603 2413 ab
626 2390 778 2427 regnans
801 2378 952 2416 Monac.
987 2381 1151 2416 eiusdem
1269 2379 1325 2416 uel
1353 2385 1451 2426 post.
1484 2392 1553 2416 om.
1575 2380 1669 2416 Par.
1692 2382 1723 2416 A

199 2434 388 2469 Diomedis
502 2446 592 2481 gena
623 2435 747 2472 Prisc.
786 2447 824 2481 p.
859 2435 939 2472 906
972 2437 1091 2483 Bony.
1212 2437 1288 2473 126
1319 2436 1451 2471 Malim
1489 2441 1555 2472 (tul
1586 2436 1722 2483 quaene

197 2495 316 2536 sperat
353 2494 420 2525 aut
458 2490 547 2537 quae'
586 2490 750 2538 desperet
875 2490 1027 2527 uiridulo
1067 2494 1210 2538 scripsi
1248 2493 1313 2527 uiri
1353 2493 1434 2527 cod.
1483 2491 1585 2527 diuiti
1623 2495 1719 2528 coni.

199 2545 462 2582 Buecheler-us
500 2547 674 2593 uirginem
713 2552 988 2593 temptaueram
1122 2547 1391 2583 adolescentulo
1441 2548 1600 2584 Vrsinus
1638 2548 1722 2583 adu-

197 2600 413 2637 lescentulos
452 2603 533 2638 cod.
705 2602 763 2637 uel
795 2613 882 2650 quae
922 2603 1086 2650 desperat
1117 2609 1308 2650 nupturam
1339 2614 1377 2638 se
1409 2604 1486 2637 uiro
1518 2603 1724 2639 adulescen-

198 2657 274 2692 tulo
302 2657 460 2694 Botleius
550 2657 625 2693 127
650 2658 818 2693 detritum
840 2659 882 2694 L.
905 2659 1118 2695 Muellerus
1139 2661 1184 2695 de
1206 2670 1248 2694 re
1269 2672 1315 2694 m.
1339 2658 1419 2694 429
1442 2659 1607 2694 retritum
1640 2661 1721 2695 cod.

312 2713 388 2749 129
428 2714 605 2749 mehercle
644 2714 792 2749 Paulus
920 2715 1020 2761 quasi
1056 2717 1199 2761 scripsi
1237 2725 1326 2762 quae
1371 2715 1422 2749 sic
1455 2714 1603 2750 Paulus
1642 2726 1720 2750 nam

198 2768 319 2804 Varro
433 2771 496 2805 uel
527 2798 533 2805 .
570 2798 576 2804 .
613 2798 619 2804 .
653 2770 738 2805 haec
777 2770 918 2816 quidem
957 2770 1075 2805 hercle
1101 2772 1230 2818 opinor
1268 2768 1475 2818 praeficast:
1512 2770 1595 2806 Nan]
1628 2770 1721 2806 uuir-

200 2829 297 2859 tuum
336 2824 513 2860 collaudat
552 2828 612 2861 uel
653 2827 747 2861 adeo
781 2853 951 2861 ......
984 2826 1070 2861 haec
1107 2838 1139 2873 q.
1174 2827 1205 2862 h.
1240 2840 1272 2861 υ.
1312 2838 1345 2873 p.
1379 2824 1473 2869 Quae
1514 2827 1565 2862 sic
1603 2838 1647 2862 m.
1688 2839 1717 2862 c.

199 2879 429 2916 Rilschelius
457 2883 482 2916 l.
516 2884 540 2918 I.
565 2882 726 2918 Placent
748 2884 895 2917 numeri
916 2881 1099 2917 Botkmm·
