2023 3287
261 222 334 260 1:34
912 220 1124 253 TITINIVS

929 323 990 364 IV
1025 322 1090 378 (1)

497 435 504 442 .
545 401 683 455 frygie
719 400 779 441 fui
811 400 949 455 prime
982 400 1173 454 beneque
1206 400 1247 440 id
1282 415 1388 453 opus
1422 398 1544 440 sciui:

313 478 340 517 ἴ)
373 476 543 531 Reliqui
576 492 676 518 acus
710 477 907 531 aei-cisque
941 490 1011 518 ero
1045 479 1171 531 atque
1205 477 1299 517 erae
1332 477 1503 517 nostrae
1538 509 1545 516 .
1579 508 1586 516 .
1621 509 1627 516 .
1662 509 1668 516 .

943 553 982 593 V
1017 552 1081 608 (9)

1015 630 1128 685 quod
1161 629 1332 684 quidem
1365 629 1436 684 pol
1468 630 1620 671 mulier
1652 628 1777 683 (lieet,

370 707 566 761 Namque
599 707 672 748 uni
706 705 863 762 collegi
893 721 1050 748 sumus.

932 782 994 823 vi
1027 781 1091 837 (3)

1312 841 1374 882 itai
1406 843 1581 895 spfireus

372 918 603 960 Animzitur
638 917 731 974 [ira]
766 919 810 959 in
842 918 1067 973 proelium:
1101 919 1216 960 ueles
1249 932 1376 972 eques
1408 917 1559 972 recipit
1592 933 1635 959 se

287 996 339 1037 10
373 1030 379 1036 .
444 1029 452 1036 .
514 1029 522 1036 .
586 1029 593 1035 .
657 1029 664 1035 .
728 1029 735 1035 .
799 1029 806 1035 .
870 1028 877 1036 .
940 1028 948 1036 .
1010 996 1146 1050 neque
1178 994 1278 1036 ferit
1310 1009 1565 1049 quemquam
1596 995 1776 1037 hestem.

923 1070 1009 1113 VH
1041 1070 1106 1127 (2)

372 1147 470 1190 'Vbi
506 1147 622 1204 [iam]
658 1148 935 1191 ambitionem
968 1149 1117 1190 uirtuti
1149 1147 1296 1190 uideas
1330 1148 1576 1190 antecedere

909 1225 1016 1266 VIII
1050 1224 1115 1280 (6)

373 1335 381 1343 .
443 1336 451 1343 .
512 1336 519 1342 .
582 1336 589 1343 .
1148 1302 1191 1343 id
1222 1302 1465 1344 necessest?

374 1377 526 1425 ll'Edl'!

253 1495 364 1527 pecus
390 1485 476 1516 lana
493 1495 564 1517 non
583 1487 730 1516 tectum.
757 1484 956 1516 Titinnius:
976 1484 1078 1516 lana'
1098 1495 1126 1516 e.
1147 1496 1178 1526 q.
1197 1495 1225 1517 s.
1320 1485 1368 1517 IV
1388 1485 1526 1516 Nonius
1544 1488 1575 1525 3,
1594 1487 1636 1517 ‘20
1656 1484 1777 1527 [‘fry-

253 1530 355 1571 gion
368 1527 428 1572 es]
449 1554 483 1564 ..
506 1529 715 1563 ..Titinius
742 1529 952 1561 barbato:
984 1529 1117 1570 frygio’
1146 1540 1175 1561 e.
1204 1540 1237 1571 q.
1266 1540 1292 1562 s.
1391 1530 1422 1561 V
1447 1531 1660 1562 Priscianus
1686 1531 1734 1562 VI
1760 1533 1778 1563 7

251 1586 284 1616 p.
305 1576 370 1607 694
388 1575 427 1609 P.
447 1575 536 1605 ‘uni
554 1585 617 1616 pro
636 1575 742 1605 unius
761 1575 922 1605 Titinius
938 1575 975 1605 in
998 1574 1205 1607 barbato:
1233 1574 1342 1616 quod’
1364 1586 1393 1607 e.
1413 1586 1444 1616 q.
1465 1585 1492 1608 s.
1522 1575 1779 1615 (tintinnius

254 1618 380 1661 Sang.)
421 1620 521 1651 Idem
540 1619 589 1651 VI
609 1620 649 1650 16
668 1630 703 1660 p.
723 1621 787 1651 717
808 1620 845 1650 P.
865 1620 1040 1651 ‘Titinius
1058 1621 1096 1651 in
1114 1620 1322 1652 barbato:
1342 1621 1435 1661 quod
1455 1645 1461 1651 .
1482 1648 1488 1653 .
1510 1644 1518 1652 .
1538 1630 1679 1659 sumus;
1705 1622 1780 1652 uni

251 1675 315 1706 pro
334 1664 469 1696 unius.'
562 1665 613 1696 VI
637 1665 776 1696 Nonius
794 1665 872 1704 552,
885 1666 928 1696 ‘25
947 1668 957 1683 ⁶
970 1664 1069 1696 uele
1082 1675 1115 1704 s,
1133 1665 1225 1697 leuis
1245 1669 1440 1697 armatura.
1478 1666 1662 1697 Titinnius
1679 1666 1701 1698 b
1713 1676 1779 1697 ar—

252 1711 273 1742 b
286 1714 375 1741 ato:
403 1708 469 1741 ita‘
497 1720 526 1741 e.
549 1719 581 1750 q.
597 1719 623 1741 s.
662 1710 838 1751 Inpotens
856 1710 1062 1741 aduersarii
1079 1711 1134 1741 ira
1148 1721 1226 1742 eum
1246 1710 1369 1742 neseio
1389 1712 1490 1742 euius
1509 1710 1624 1742 hostis
1641 1712 1780 1753 impetu

252 1754 414 1786 inualido
447 1754 684 1796 contemptim
711 1758 954 1796 comparatur.
1072 1755 1142 1786 VII
1166 1755 1304 1787 Nonius
1329 1757 1411 1796 499,
1437 1758 1456 1787 7
1482 1755 1688 1787 ‘datiuus
1715 1766 1779 1797 pro

254 1801 478 1831 aceusatiuo.
529 1799 688 1831 Titinius
714 1803 920 1831 narrato:
946 1800 1024 1831 ubi'
1052 1810 1082 1831 e.
1111 1811 1142 1842 q.
1161 1811 1186 1832 s.
1238 1804 1317 1842 ‘pro
1335 1801 1507 1832 uirtutem
1533 1801 1780 1833 antecedere.'

253 1846 457 1885 (uareato
483 1855 547 1876 ms.
574 1845 669 1876 Iunii
695 1855 824 1876 uarro
850 1842 989 1887 Bamb.)
1040 1846 1211 1885 Queritur
1235 1845 1368 1886 aliquis
1395 1846 1436 1878 de
1465 1846 1671 1886 praesentis
1697 1847 1779 1878 aeui

253 1890 412 1922 moribus
431 1893 541 1932 atque
558 1890 735 1922 institutis
830 1890 915 1922 VIII
942 1890 1131 1922 Charisius
1148 1890 1235 1932 Hp.
1260 1892 1320 1923 178
1340 1891 1376 1922 Ρ.
1402 1891 1507 1923 ‘edi’
1536 1888 1778 1933 (interiectio)

365 2007 391 2043 4
423 2008 481 2055 op'
513 2008 582 2043 ciui
618 2008 748 2044 Bamb.
893 2007 916 2043 5
948 2009 1036 2043 atias
1069 2008 1201 2044 Bamb.
1318 2010 1378 2045 Acl
1414 2020 1496 2045 aeus
1528 2010 1692 2057 aeiasque
1724 2011 1775 2056 cf.

252 2065 426 2100 Petronii
454 2075 485 2099 c.
520 2064 570 2100 76
612 2063 668 2098 ‘ab
708 2065 779 2099 aeia
820 2068 854 2099 et
893 2063 974 2100 acu'
1100 2070 1172 2111 atq.
1214 2060 1319 2118 reum}
1362 2065 1496 2101 Bamb.
1621 2065 1778 2114 Phrygio

255 2121 303 2155 sui
324 2120 462 2155 Primo:
494 2119 585 2155 bene
607 2120 640 2155 id
673 2119 764 2167 opus
796 2119 904 2155 sciui:
937 2120 1064 2167 reliqui
1095 2132 1178 2156 aeus
1209 2122 1373 2168 aeuisque
1406 2122 1491 2157 hero
1513 2118 1643 2169 'Atque
1676 2123 1779 2157 herae

253 2175 396 2212 nostrae
434 2177 685 2212 Hermamms
729 2187 861 2222 opusc.
912 2177 940 2212 V
978 2177 1070 2213 266.
1149 2178 1332 2213 86ηανίοε
1373 2180 1597 2214 continuant
1643 2181 1780 2214 ceteri.-

253 2243 299 2268 ne
346 2235 470 2268 noslri
507 2234 653 2279 quidem
687 2235 837 2268 numeri
871 2235 965 2268 salis
1006 2235 1176 2279 placent.
1350 2235 1372 2270 6
1413 2245 1468 2281 sq.
1509 2237 1659 2270 numeri
1694 2240 1780 2270 sunl

254 2288 473 2324 Hermccmzi
500 2291 524 2324 l.
557 2290 581 2324 l.
616 2288 715 2333 267,
751 2291 825 2324 nisi
853 2290 954 2336 quod
983 2291 1081 2325 malo
1121 2289 1263 2337 quidem
1303 2302 1415 2337 quam
1455 2290 1597 2338 quidem
1629 2293 1777 2338 efferri.

365 2345 450 2380 dicit
481 2345 576 2392 Res).
615 2358 661 2380 m.
694 2345 739 2390 2,
780 2344 930 2381 Amien.
972 2347 1087 2382 Halb.
1123 2346 1283 2385 Carole'r,
1321 2359 1359 2393 p.
1395 2347 1498 2392 717,
1538 2357 1664 2383 onmes
1693 2348 1781 2383 libri

246 2413 289 2448 p.
323 2400 402 2437 694
539 2401 560 2437 7
593 2412 733 2449 nanque
766 2401 928 2439 Carolir.
960 2407 994 2437 et
1026 2415 1046 2438 n
1081 2414 1183 2438 corr.
1215 2414 1266 2438 ecc
1297 2414 1330 2438 m
1363 2403 1470 2439 Grzct.
1501 2415 1539 2449 p.
1574 2403 1652 2439 717

252 2480 374 2528 colligi
396 2480 512 2527 Sccngy.
532 2491 572 2526 p.
597 2480 674 2517 717
707 2462 843 2528 eolligii
865 2481 958 2528 Regy.
983 2486 1142 2528 utroque
1163 2483 1246 2518 loco
1268 2481 1403 2529 eolligii
1424 2481 1539 2529 Sany.
1568 2494 1610 2528 p.
1635 2481 1713 2518 694

253 2536 276 2572 8
309 2537 356 2571 ita
386 2537 530 2584 spurius
559 2538 650 2572 libri
675 2538 851 2583 plerique
882 2538 929 2572 iia
960 2538 995 2572 in
1027 2536 1141 2573 mund
1167 2539 1290 2585 purius
1323 2539 1469 2582 Bamb,
1503 2543 1542 2573 ul
1574 2540 1779 2584 aliquando

251 2594 389 2628 lectum
416 2592 541 2639 fuisse
573 2598 767 2639 appareat
806 2604 957 2640 spurcus
990 2605 1072 2630 cum
1112 2593 1303 2629 inmundus
1341 2595 1566 2641 glossemate
1674 2593 1696 2629 9
1728 2595 1778 2629 ira

254 2649 397 2693 addidi,
432 2660 501 2684 om.
522 2650 612 2685 libri
696 2649 743 2684 ita
775 2648 924 2696 Spurius
954 2650 1084 2685 zinimat
1114 2651 1199 2685 iram
1222 2651 1256 2685 in
1288 2649 1476 2697 proelium.
1538 2649 1639 2685 Ve'les
1672 2655 1778 2697 alque

253 2715 362 2751 eques
404 2705 532 2752 recipit
570 2716 608 2740 se
649 2715 714 2740 nec
752 2704 834 2741 serit
875 2716 1087 2753 quemquam
1127 2707 1284 2742 hostium
1322 2707 1574 2742 Hei-marmus
1609 2708 1635 2741 l.
1667 2707 1692 2742 l.
1733 2708 1778 2742 cle

249 2765 460 2806 praetexta
491 2763 572 2797 siue
601 2762 713 2797 Accii
740 2764 824 2797 siue
854 2762 1021 2799 Pacuuii
1051 2765 1222 2810 cogyitans
1341 2762 1388 2797 11
1422 2763 1488 2798 ian]
1510 2764 1672 2807 inserui,
1707 2775 1776 2798 om.

254 2817 343 2851 libri
437 2816 664 2853 ambitionem
698 2818 823 2854 uirtuti
854 2819 990 2855 Iunius
1021 2818 1212 2854 ambitione
1244 2819 1388 2854 uirtutis
1417 2819 1505 2855 libri
1591 2818 1778 2855 Numeros

253 2875 455 2919 perspexit
492 2874 742 2910 Hermannus
778 2875 803 2911 l.
840 2876 866 2910 l.
1042 2874 1091 2910 12
1131 2885 1296 2910 necesses
1336 2873 1367 2908 R
1413 2873 1468 2910 edi
1507 2875 1588 2910 cod.
1629 2885 1778 2911 necesse
