2023 3287
703 269 958 303 CAECIles
985 271 1185 303 STATivs
1663 268 1718 308 49

880 373 945 414 ΠΙ
979 373 1043 429 (5)

313 449 397 490 Abi
430 449 529 490 hinc
563 452 627 503 tu,
661 450 829 491 stolide:
865 448 962 505 [uss]
997 451 1058 490 illi
1091 454 1136 490 ut
1168 450 1245 490 tibi
1280 449 1334 490 sit
1370 452 1499 503 pater.

879 543 941 583 IV
974 544 1038 599 (3)

313 620 499 674 Quaeso,
531 635 583 661 ne
616 623 774 661 temere
806 620 917 661 lianc
950 621 1039 660 re'ni
1072 634 1193 674 agas,
1225 635 1277 660 110
1310 620 1579 660 iracunditer.

882 695 922 736 V
955 695 1021 751 (2)

311 772 423 814 Nam
455 773 498 814 hi
528 776 626 814 sunt
658 773 818 814 inimici
850 773 1035 826 pessumi
1068 772 1209 813 fronte
1242 771 1401 826 hilaro,
1434 773 1558 813 corde
1592 771 1718 826 tristi,

224 850 279 890 80
312 848 427 898 Quos
459 852 595 904 neque
627 852 675 890 ut
707 849 945 904 adprendas
977 851 1114 903 neque
1147 850 1209 889 uti
1243 850 1432 890 dimittas
1466 850 1586 889 scias.

877 925 939 967 VI
973 925 1038 981 (7)

599 1037 605 1043 .
639 1002 779 1044 subito
812 1017 879 1044 res
911 1003 1089 1043 reddent
1121 1002 1273 1043 hebeni

869 1078 955 1120 VH
989 1077 1053 1133 (0)

312 1172 551 1214 Habitatbat
583 1173 626 1213 in
659 1173 875 1227 tuguriolo
908 1173 1181 1227 pauperculo.

194 1300 295 1334 Grut.
388 1301 522 1344 hippo
549 1302 673 1334 Bamb.
699 1302 837 1333 Amien.
866 1301 979 1343 Bong.
1004 1301 1113 1333 Halb.
1141 1302 1282 1343 hyppo
1308 1302 1393 1332 Vat.
1420 1311 1463 1332 m.
1489 1300 1563 1341 alt,
1591 1312 1655 1335 om⁴
1676 1313 1720 1334 111.

194 1357 245 1386 pr.
273 1345 372 1387 ippo
398 1347 487 1389 Reg.
531 1347 632 1388 ippo
658 1347 767 1379 Barb.
816 1347 918 1387 lupo
944 1349 1054 1387 Sang.
1081 1347 1183 1378 Grut.
1232 1356 1340 1387 eppo
1369 1345 1521 1377 Carolir.
1575 1347 1720 1388 Hypo⁴

192 1390 419 1422 bolimaeo
444 1392 625 1423 Robertus
653 1391 875 1433 Stephanus)
991 1391 1045 1423 III
1077 1392 1212 1422 Festus
1244 1402 1277 1432 p.
1309 1392 1373 1422 317
1406 1390 1454 1422 Μ.
1488 1391 1721 1429 (3101111113,

193 1435 327 1466 stultus
354 1454 397 1458 —
421 1455 465 1460 —
490 1435 675 1468 Caecilius
702 1437 737 1467 in
764 1436 1071 1477 Hypobolimaeo:
1100 1435 1174 1467 abi’
1202 1447 1232 1467 e.
1252 1445 1285 1476 q.
1311 1446 1338 1466 s.
1388 1436 1523 1475 Senex,
1551 1446 1650 1478 quem
1679 1437 1721 1468 de

193 1481 416 1512 restituendo
448 1480 708 1513 Chaerestrato
741 1481 980 1522 tergiuersari
1010 1485 1136 1512 narrat
1162 1480 1412 1520 Quintilianus
1441 1481 1458 1512 1
1486 1482 1542 1520 10,
1575 1481 1721 1512 stultum

193 1525 283 1556 dicit
310 1525 599 1565 adulescentem,
627 1527 689 1567 qui
713 1536 793 1557 cum
812 1527 856 1556 ‘tb
883 1526 963 1567 ipso
982 1526 1117 1566 optime
1135 1525 1282 1557 habitus
1302 1525 1428 1564 fuerit,
1454 1522 1526 1556 iam
1544 1527 1580 1557 in
1606 1526 1721 1566 ignoti

192 1569 349 1601 hominis
381 1570 521 1602 domum
554 1571 778 1602 transiturus
809 1571 869 1602 sit.
984 1570 1033 1601 IV
1066 1570 1203 1602 Nonius
1235 1571 1367 1609 515,1
1401 1570 1721 1602 ‘iracunditein

194 1614 388 1664 Caecilius
406 1614 668 1647 Subditiuo.
694 1618 844 1668 quaeso'
871 1625 902 1648 e.
929 1626 962 1656 q.
991 1625 1020 1646 3.
1069 1614 1124 1646 Cf.
1143 1614 1332 1647 Menandri
1358 1616 1428 1665 inf.
1454 1615 1570 1646 XXV.
1598 1613 1633 1648 εἰ
1656 1614 1720 1647 καὶ

193 1654 338 1701 σφόδρ’
365 1652 510 1702 ἀλγεῖς,
523 1657 658 1713 ,μηδὲν
683 1655 938 1702 ἠρεθισμένος
965 1654 1117 1709 ῌροὶξης
1142 1659 1350 1710 προπετῶς·
1386 1655 1502 1701 ὀργῆς
1535 1671 1607 1702 γαρ
1634 1654 1722 1692 ἀλο-

191 1703 323 1745 γίστου
349 1706 502 1744 κρατεῖν
523 1700 586 1737 Ἐν
612 1707 698 1743 ταῖς
723 1707 909 1747 ταραχαῖς
934 1699 1096 1746 μάλιστα
1121 1701 1187 1736 τὸν
1213 1704 1433 1746 φρονοῦντα
1460 1704 1532 1736 δεῖ.

194 1750 222 1779 V
249 1748 388 1781 Gellius
413 1749 479 1780 XV
504 1751 523 1781 9
550 1753 650 1781 ‘uere
676 1759 719 1781 ac
747 1750 882 1781 diserte
909 1748 1092 1781 Caecilius
1116 1749 1186 1781 hoc
1217 1750 1254 1780 in
1281 1749 1521 1781 Subditiuo
1555 1751 1717 1792 scripsit:

192 1796 290 1825 nam’
319 1804 347 1825 e.
368 1804 400 1835 q.
420 1803 448 1826 s.
499 1794 579 1826 ‘hos
608 1805 675 1836 ego
700 1805 846 1834 uersus,
873 1805 952 1825 cum
979 1795 1023 1826 de
1050 1793 1204 1835 quodam
1228 1793 1336 1826 istius
1354 1794 1450 1826 modi
1475 1794 1619 1826 homine
1647 1806 1721 1826 ser—

191 1848 314 1870 mones
341 1843 481 1878 essent,
506 1841 544 1870 in
563 1840 699 1871 circulo
726 1840 821 1871 forte
846 1839 1016 1870 iuuenum
1041 1839 1275 1870 eruditiorum
1301 1839 1386 1870 dixi.
1435 1842 1509 1870 tum
1535 1839 1578 1871 de
1605 1850 1723 1881 gram-

192 1884 408 1915 maticorum
453 1883 563 1925 uolgo
607 1885 786 1926 quispiam
830 1883 1016 1915 nobiscum
1060 1883 1112 1915 ibi
1158 1883 1342 1915 adsistens
1386 1894 1456 1915 non
1493 1894 1582 1916 sane
1619 1885 1720 1926 igno-

192 1927 297 1959 bilis:
325 1931 479 1969 quanta,
504 1929 639 1970 inquit,
664 1928 815 1960 licentia
834 1928 1064 1969 audaciaque
1084 1927 1269 1960 Caecilius
1287 1929 1345 1960 hic
1364 1928 1443 1967 fuit,
1470 1938 1550 1960 cum
1570 1929 1720 1960 fronte

191 1972 358 2012 hilaro,
383 1983 455 2004 non
480 1973 599 2005 fronte
625 1973 744 2005 hilara
769 1974 863 2004 dixit
888 1977 923 2005 et
947 1977 1021 2004 tam
1047 1973 1228 2005 inmanem
1248 1974 1501 2005 soloecismum
1519 1973 1610 2004 nihil
1629 1974 1722 2005 ueri-

191 2020 250 2048 tus
277 2019 369 2049 estt’
417 2018 555 2050 Nonius
581 2019 657 2057 205,
684 2021 700 2049 1
728 2018 934 2050 ‘frontem
962 2018 1136 2050 feminino
1155 2028 1287 2060 genere
1306 2018 1484 2059 Virgilius
1504 2044 1511 2051 .
1531 2043 1538 2050 .
1555 2044 1561 2051 .
1578 2028 1720 2050 mascu-

191 2061 266 2094 lino
284 2063 444 2094 Titinius
529 2063 702 2095 feminino
722 2063 905 2095 Pacuuius
924 2087 931 2094 .
952 2089 957 2094 .
978 2085 986 2094 .
1004 2062 1097 2095 Cato
1116 2087 1124 2095 .
1139 2087 1146 2094 .
1163 2088 1170 2095 .
1188 2063 1308 2095 fronte
1328 2063 1435 2105 longo
1456 2086 1464 2094 .
1480 2087 1487 2095 .
1507 2087 1514 2094 .
1535 2063 1721 2095 Caecilius

193 2106 452 2139 Subditiuo:
483 2110 582 2139 nam’
610 2118 641 2140 0.
668 2118 701 2150 q.
729 2119 756 2143 3,
851 2108 899 2139 VI
925 2107 1114 2140 Charisius
1140 2108 1155 2139 1
1187 2118 1220 2150 p.
1246 2110 1309 2140 107
1334 2108 1372 2142 Ρ
1400 2108 1593 2145 (1101101ος
1627 2108 1721 2140 Cae-

193 2151 297 2183 cilius
321 2153 360 2183 in
372 2146 668 2195 Γποβολιμαίῳ·
695 2153 831 2185 subito'
858 2164 889 2185 0.
916 2163 949 2194 q.
978 2162 1005 2184 s.
1100 2152 1170 2185 VII
1195 2153 1365 2194 Festusp
1371 2154 1460 2185 ‚355
1478 2152 1525 2184 M.
1552 2151 1721 2194 wanga]-

192 2196 259 2227 ria
285 2207 306 2228 a
337 2200 434 2229 tecto
468 2197 703 2239 appellantur
729 2196 928 2240 [domicilia
953 2196 1182 2240 rusticorum]
1214 2197 1360 2230 sordida
1386 2214 1428 2220 —
1456 2195 1658 2240 [Caecilius
1685 2199 1721 2229 in

190 2239 563 2283 Hypo]bolimaeo·
589 2242 759 2275 habitab.
784 2265 1150 2277 ................
1171 2243 1347 2285 ρο1·.01110’
1389 2242 1659 2284 &appell-intur
1685 2246 1721 2274 et

193 2359 296 2395 hilari
319 2359 454 2396 Bamb.
478 2360 622 2396 Amien.
710 2371 827 2396 scema
851 2360 968 2408 Sany.
1000 2361 1105 2397 Vind.
1125 2361 1246 2409 Bony.
1272 2360 1392 2396 Barb.
1413 2361 1521 2396 Grul.
1543 2359 1719 2406 Caralim,

192 2421 297 2451 recle
335 2416 497 2452 schaema
528 2417 622 2462 Rey.
655 2416 795 2452 schema
835 2420 954 2452 celere·
1068 2417 1118 2453 77
1151 2418 1205 2452 uis
1246 2419 1307 2453 uel
1347 2418 1447 2452 uisne
1487 2418 1546 2452 uel
1577 2417 1724 2462 aliquid

191 2473 435 2508 inserendum
462 2475 617 2518 putam·;
656 2472 713 2508 dic
746 2484 860 2519 prop.
895 2473 1160 2509 Buechelerus
1282 2473 1332 2508 illi
1368 2475 1604 2518 interpretor
1635 2472 1718 2517 illic,

190 2530 229 2563 in
260 2529 326 2564 illa
358 2529 475 2564 domo.
511 2528 570 2564 ille
604 2528 782 2574 Botlzz'us,
810 2529 905 2575 fort.
938 2534 1043 2565 recle
1202 2529 1252 2565 78
1285 2539 1422 2564 cemere
1456 2528 1586 2564 Bamb.

192 2594 298 2631 agas,
336 2595 379 2620 ne
418 2589 506 2620 ante
545 2585 680 2620 Alclum
719 2596 803 2632 agas
842 2590 878 2620 et
916 2595 959 2620 ne
998 2586 1105 2621 libri:
1147 2585 1198 2632 cf.
1242 2584 1526 2620 CFWMueller
1561 2585 1717 2630 prosocl.

191 2639 319 2676 Plccul.
353 2639 433 2676 154
577 2640 630 2677 80
661 2640 857 2687 adprendas
895 2642 1007 2689 uulgo
1033 2640 1278 2688 adprehendns
1310 2641 1399 2676 libri
1512 2650 1628 2686 neque
1668 2641 1718 2675 uti

191 2694 346 2731 dimittas
386 2698 476 2732 scius
516 2696 741 2743 Sperzyelz'us
779 2707 895 2743 neque
937 2702 974 2732 ut
1011 2696 1168 2732 dimittas
1206 2697 1295 2732 scias
1335 2696 1488 2732 Monac.
1527 2695 1722 2743 Sperzyelt'i

192 2761 308 2798 neque
345 2757 385 2787 ut
422 2753 541 2788 mittas
572 2752 661 2788 scias
693 2755 814 2788 ceteri
841 2753 932 2787 libri
962 2752 1125 2788 Gelliam'
1160 2763 1275 2799 neque
1308 2753 1420 2787 uitare
1451 2752 1541 2786 scias
1575 2751 1720 2787 Nonius

192 2807 277 2852 (sed
305 2819 422 2856 neque
446 2814 483 2844 ut
504 2809 619 2844 uitare
648 2809 776 2844 Urbin.
800 2807 895 2854 308)
1012 2808 1062 2845 81
1095 2814 1191 2844 reste
1222 2808 1372 2843 reddent
1405 2808 1462 2843 ed.
1482 2819 1565 2853 pn.-
1593 2812 1721 2853 potest

195 2868 228 2898 tc
259 2869 348 2899 ante
378 2863 497 2900 subito
536 2866 721 2901 insertum
757 2865 881 2911 fuisse
1013 2863 1064 2900 82
1100 2864 1282 2912 tuguriolo
1323 2864 1541 2911 pauperculo
1581 2866 1723 2910 scripsi

194 2920 338 2965 tugurio
369 2921 446 2955 siue
485 2921 656 2968 operculo
700 2921 858 2957 Vrsinus
889 2921 1034 2967 tugurio
1075 2921 1175 2956 nullo
1215 2920 1386 2969 operculo
1429 2918 1468 2955 0.
1509 2919 1721 2956 Muellerus

261 2988 335 3013 Com.
360 2989 435 3013 ΕΔΤ.
454 2989 528 3013 REL.
1429 2986 1449 3015 4
