2023 3287
1663 235 1699 273 gc

1698 235 1716 273 »ko

721 237 914 269 A'l‘lles
962 237 1188 277 AQVILIVS

260 432 285 497 ,ξ
319 429 398 469 Per
430 429 635 469 laetitiam
668 426 844 482 liquitur
878 428 1054 468 unimus.

317 612 429 663 (Hipe
462 610 605 662 caede,
640 609 769 662 Lyde,
801 610 918 648 001110
951 608 1085 648 conde
1119 642 1125 647 .
1160 642 1166 647 .
1201 641 1207 648 .

690 806 1231 875 AQVILIVS

318 1097 378 1138 Vt
408 1097 528 1137 illum
561 1097 601 1137 di
634 1097 833 1150 perdanb,
866 1096 1030 1150 primus
1063 1097 1134 1150 qui
1166 1096 1294 1137 horas
1327 1097 1513 1150 repperit
1524 1129 1532 1149 ‚

318 1173 481 1226 Quique
515 1173 618 1213 {ideo
652 1173 813 1226 primus
847 1174 997 1213 statuit
1028 1173 1097 1213 hic
1131 1173 1345 1214 solairium.

317 1249 396 1297 Qui
429 1248 535 1289 mihi
568 1249 818 1290 comminuit
851 1248 1004 1290 misero
1038 1248 1298 1290 articulatim
1330 1249 1451 1289 diem.

199 1377 334 1408 Atilius
366 1379 477 1418 posta
509 1376 751 1409 dui·issinius.’
874 1377 909 1408 11
936 1379 1049 1409 Varro
1081 1377 1124 1408 (le
1150 1377 1172 1409 l.
1204 1378 1244 1411 L.
1278 1377 1346 1409 VII
1379 1378 1441 1408 10ss
1469 1378 1513 1409 M.
1541 1378 1723 1410 ‘Aurelius

199 1423 326 1453 scribit
352 1421 535 1454 delicuum
562 1432 640 1454 esse
673 1423 718 1454 ab
750 1422 904 1463 liquido,
938 1421 1114 1453 Claudius
1145 1423 1190 1453 ab
1223 1422 1394 1463 eliquato.
1445 1423 1475 1453 si
1507 1423 1586 1463 quis
1617 1423 1724 1455 alter-

199 1470 315 1497 utrum
347 1467 451 1507 sequi
483 1466 610 1506 malet,
643 1467 794 1498 habebit
826 1470 1010 1498 auctorem
1037 1467 1131 1508 apud
1159 1466 1324 1498 Atilium:
1357 1477 1421 1508 per
1445 1466 1466 1499 l.
1496 1466 1520 1500 l.
1547 1478 1579 1498 a.
1626 1469 1657 1500 A
1682 1468 1723 1499 li-

201 1510 342 1552 quando
374 1511 569 1552 liquitur
599 1511 750 1543 fietum.’
799 1512 1034 1550 (Accilium
1058 1511 1219 1543 Turnebi
1251 1511 1328 1543 cod.
1360 1512 1567 1543 Attilium
1598 1513 1722 1545 Haun.

201 1555 450 1587 Caecilium
477 1556 554 1591 cod,
581 1556 624 1596 B)
674 1557 753 1588 Nisi
786 1556 880 1588 forte
912 1567 955 1588 ex
987 1556 1133 1588 Electra
1158 1556 1260 1587 Atilii
1290 1556 1380 1587 11300
1405 1557 1519 1598 petita
1544 1561 1643 1588 sunt:
1677 1558 1722 1589 cf.

199 1600 306 1641 Soph.
333 1600 389 1635 El.
412 1602 495 1632 1871
523 1596 589 1642 ὑφ’
614 1593 758 1642 ἡδονῆς
783 1611 857 1637 τοι,
885 1595 1068 1643 φιλτάτη,
1095 1595 1282 1643 διώκομαι
1308 1612 1340 1635 κ,
1358 1612 1388 1636 τ,
1407 1602 1437 1632 λ.
1532 1602 1585 1633 III
1609 1603 1723 1634 Varro

199 1645 241 1677 (10
267 1645 289 1676 1.
317 1646 358 1679 L.
383 1646 452 1677 VII
477 1647 519 1677 90
544 1645 590 1676 M.
622 1646 734 1687 ‘apud
766 1645 932 1676 Atilium:
967 1648 1071 1687 eape'
1099 1656 1130 1680 0,
1162 1655 1194 1686 q.
1221 1655 1249 1676 s.
1276 1648 1424 1687 ‘cape‚
1457 1646 1551 1678 unde
1577 1648 1722 1689 accipe3

202 1690 261 1721 sed
286 1689 355 1721 hoc
380 1690 417 1721 in
443 1690 604 1731 proximo
630 1690 723 1722 libro
749 1690 1049 1722 retractandum.'
1099 1689 1308 1732 (Acilium
1334 1690 1412 1722 cod.
1438 1691 1481 1731 B)

289 1734 430 1771 AQVILI
457 1735 626 1766 ΒοΕοΤΙΑ
674 1734 727 1767 Cf.
755 1733 918 1767 Βοιωτία
944 1734 1161 1776 Antiphanis
1187 1734 1381 1776 Theophili
1405 1735 1599 1767 Menandri

200 1777 214 1809 I
242 1778 384 1811 Gellius
409 1779 465 1811 ΙΙΙ
490 1781 521 1819 3,
547 1781 567 1810 4
593 1779 702 1810 ‘alias
736 1780 921 1820 probauit’
949 1778 1092 1821 (Varro)
1122 1779 1317 1811 ‘adductus
1348 1779 1407 1811 filo
1439 1783 1549 1820 atque
1585 1781 1723 1812 facetia

155 1853 172 1867 ⁶
198 1824 374 1855 sermonis
405 1823 537 1854 Plauto
570 1824 805 1865 congruentis
837 1834 971 1865 easque
1003 1825 1073 1855 iam
1106 1824 1312 1855 nominibus
1338 1824 1491 1856 aliorum
1525 1829 1723 1866 occupatas

199 1868 329 1899 Plauto
354 1867 557 1899 uindicauit
574 1869 683 1899 sicuti
700 1869 809 1899 istam
827 1879 934 1909 quam
952 1869 1157 1910 nuperrime
1185 1868 1414 1910 legebamus,
1441 1870 1500 1900 cui
1519 1874 1574 1901 est
1591 1880 1722 1901 nornen

199 1913 362 1944 Boeotia.
410 1922 492 1944 nam
512 1922 591 1944 cum
609 1913 645 1944 in
676 1912 752 1944 illis
777 1923 850 1944 una
874 1917 911 1945 et
936 1914 1068 1954 uiginti
1092 1923 1164 1945 non
1189 1914 1237 1944 sit
1263 1917 1299 1944 et
1324 1924 1403 1945 esse
1425 1914 1574 1955 Aquili
1601 1914 1721 1956 (aqli,

199 1957 210 1988 i
227 1967 296 1988 scr.
317 1967 426 1998 supra
443 1967 476 1998 q,
503 1958 588 1990 Vat.
609 1956 721 1999 Rott.)
741 1958 896 1997 dicatur,
916 1958 1005 1989 nihil
1029 1962 1151 1990 tamen
1160 1958 1274 1990 Varro
1291 1958 1476 1991 dubitauit
1494 1959 1581 2000 quin
1601 1959 1721 1991 Plauti

200 2002 306 2040 foret,
325 2012 445 2043 neque
463 2001 559 2034 alius
573 2003 762 2044 quisquam
775 2013 847 2034 non
864 2003 1077 2043 infrequens
1087 2003 1212 2035 Plauti
1228 2003 1345 2035 lector
1358 2003 1596 2043 dubitauerit,
1617 2005 1646 2035 si
1662 2004 1723 2036 uel

197 2047 262 2078 hos
281 2046 378 2078 solos
396 2057 439 2078 ex
459 2057 501 2078 ea
520 2046 647 2079 fabula
663 2057 792 2079 uersus
817 2049 1052 2089 cognouerit,
1078 2048 1140 2089 qui
1167 2049 1334 2089 quoniam
1361 2052 1462 2088 sunt,
1489 2052 1527 2080 ut
1552 2048 1596 2080 de
1622 2049 1723 2081 illius

199 2091 338 2123 Plauti’
358 2090 528 2131 (‘P1auti’
546 2091 737 2124 delendum
755 2092 916 2134 uidetur)
936 2096 1049 2124 ‘more
1067 2093 1202 2132 dicam,
1223 2092 1506 2127 Plautinissimi.
1525 2097 1722 2135 propterea

199 2139 236 2167 et
251 2136 476 2167 meminimus
496 2146 557 2168 eos
583 2140 620 2168 et
636 2137 882 2178 ascripsimus.
920 2137 1158 2169 Parasitus
1184 2138 1248 2169 ibi
1273 2138 1480 2170 esuriens
1499 2137 1590 2169 haec
1614 2138 1721 2170 dicit:

200 2184 239 2211 ut
255 2180 357 2212 illum
377 2180 413 2212 di
429 2181 598 2222 perdant’
619 2192 649 2216 e,
669 2192 700 2223 q.
721 2191 747 2214 s.
774 2181 830 2213 Cf.
841 2182 1049 2214 Ammianus
1067 2182 1304 2214 Marcellinus
1324 2182 1448 2214 XXIII
1466 2184 1497 2222 6,
1519 2184 1559 2215 77
1579 2186 1724 2215 ‘uenter

200 2225 407 2266 unicuique'
433 2225 658 2266 (Persarum)
677 2226 794 2258 ‘uelut
812 2226 981 2258 solarium
1007 2230 1075 2264 est,
1103 2237 1216 2268 eoque
1233 2230 1402 2259 monente
1421 2227 1532 2267 quod’
1560 2227 1679 2269 (quom
1690 2229 1721 2268 ἶέ)

200 2269 387 2301 ‘inciderit
405 2269 557 2308 editui-’3
579 2280 683 2312 quem
702 2271 820 2302 locum
837 2271 1020 2303 indicauit
1032 2272 1205 2304 Hertzius
1223 2275 1378 2304 rament.
1405 2270 1562 2306 Gellian.
1579 2273 1608 2304 V
1625 2284 1658 2315 p.
1670 2275 1722 2305 18.

198 2315 412 2356 Disputauit
436 2314 479 2346 de
498 2313 668 2347 Gelliano
695 2316 816 2357 capite
841 2316 1067 2349 Ritschelius
1085 2317 1234 2359 Parerg.
1255 2317 1272 2348 Ι
1295 2317 1338 2349 83
1357 2326 1433 2359 sqq.
1463 2319 1524 2350 123
1543 2327 1620 2360 sqq.
1645 2319 1722 2350 208.

312 2433 334 2468 2
380 2433 529 2480 liquitur
575 2434 684 2469 uerbi
725 2444 944 2470 mensuram
988 2437 1216 2471 monstrauit
1261 2435 1526 2471 Buechelerus
1571 2437 1717 2471 amzall.

196 2491 340 2536 philoll.
376 2488 481 2525 1869
511 2501 550 2535 p.
581 2488 682 2525 488:
715 2490 768 2536 ef.
802 2490 933 2526 Plauti
967 2491 1069 2526 Trin.
1104 2490 1183 2526 243
1298 2490 1324 2526 4
1356 2502 1440 2538 cape
1478 2493 1578 2538 quod
1607 2497 1720 2527 testa-

199 2551 261 2582 tur
303 2545 443 2589 Varro,
485 2556 560 2581 uon
590 2546 782 2592 intelleyo:
821 2557 925 2593 carpe
960 2547 1167 2592 probarem
1284 2546 1370 2582 cede
1400 2547 1508 2582 Flor.
1625 2546 1721 2594 Lyde

199 2603 280 2653 edd.
320 2604 436 2648 uuly„
474 2601 655 2646 probauit
693 2601 963 2637 Lachmannus
999 2604 1037 2638 in
1076 2603 1192 2638 Lucr.
1235 2601 1315 2639 324
1346 2602 1416 2637 lide
1446 2603 1553 2648 libri,
1594 2608 1722 2638 tuetur

204 2657 244 2693 0.
278 2657 488 2693 Muellerus
519 2656 610 2692 elide
631 2667 735 2702 susp.
760 2656 983 2704 Spenyelius
1013 2657 1095 2693 lude
1127 2657 1302 2705 Scaliye'r
1415 2669 1515 2693 come
1548 2659 1720 2694 Bueche-

199 2715 306 2749 lerus
335 2716 457 2748 coe'me
487 2714 654 2759 intelleqi
682 2714 764 2748 uult
879 2709 1010 2762 conde]
1043 2713 1154 2748 tunde
1190 2714 1388 2749 Turnebus

315 2769 333 2804 1
367 2768 413 2803 dii
454 2768 535 2804 Val.
580 2769 683 2804 Viml.
717 2769 819 2804 Rolt.
915 2779 994 2804 oras
1026 2770 1126 2806 Rou.
1221 2770 1355 2816 reperit
1398 2769 1478 2804 Vut.
1567 2769 1589 2804 2
1623 2771 1721 2817 quic-

202 2835 270 2872 que
300 2824 342 2859 ad
373 2835 415 2859 eo
457 2824 538 2860 γαί.
642 2824 665 2860 3
697 2825 869 2860 eominuit
901 2825 993 2872 Rey.
1094 2825 1307 2860 articulatim
1339 2836 1440 2861 corr.
1475 2835 1526 2861 ex
1556 2826 1721 2861 articula-

203 2888 276 2916 tum
320 2881 399 2915 Vae.

268 2948 343 2975 Con.
364 2949 438 2973 Lu.
460 2949 534 2973 Bm..
1419 2948 1438 2978 3
