2023 3287
819 239 983 274 ADDEN
988 240 1054 274 DA
1548 235 1695 274 CXXIX

296 349 655 391 Obscurissimum
699 347 906 389 Varronis
952 347 1266 400 testimonium,
1311 346 1422 399 quod
1467 346 1696 388 admodum

178 421 305 462 dubia
350 420 548 474 opinione
593 419 704 460 inter
742 417 951 459 Accianus
997 417 1199 471 reliquias
1245 415 1342 471 (inc.
1386 417 1470 457 fab.
1515 415 1695 473 XXXV)

176 491 324 532 referri
356 492 447 545 ipse
479 504 739 544 monueram,
770 503 858 530 non
888 487 1122 529 illustravit
1159 487 1230 542 qui
1260 487 1427 528 laudari
1460 486 1696 528 aVarrone

177 563 359 604 anticum
389 562 515 603 illud:

357 645 471 687 o‘lle'm
502 641 694 697 violavit,
725 655 820 695 (stem
851 640 958 682 vidit
990 639 1265 682 invidendum
1297 673 1307 683 .
1339 673 1349 683 .
1379 672 1389 684 .

179 727 439 769 confidenter
486 725 772 767 adseveravit:
822 738 900 778 ego
953 725 1065 765 certe
1109 723 1337 765 verborum
1380 723 1563 766 istorum
1607 738 1698 765 sen-

178 799 359 839 tentiam
393 797 582 838 divinare
612 795 776 836 nullam
807 809 996 848 possum.

296 881 381 922 Inc.
413 879 499 920 fab.
530 877 649 919 XLII
686 876 806 918 Accii
845 877 1084 929 exemplum
1117 876 1229 930 apud
1266 876 1454 918 Nonium
1496 877 1700 918 excidisse

178 952 275 993 inde
314 950 524 993 conclusit
561 947 886 990 Bouterwekius
925 946 1078 988 Philol.
1116 946 1281 989 XXXII
1313 947 1418 1002 355,
1458 947 1571 1002 quod
1601 951 1701 1002 post

179 1024 311 1064 aecius
343 1036 489 1063 versus
514 1019 726 1060 Luciliani
757 1018 803 1059 in
834 1018 976 1059 codice
1008 1018 1067 1059 W
1086 1019 1274 1072 spatium
1294 1033 1474 1060 vacuum
1505 1018 1701 1059 relictum

181 1094 247 1147 sit,
281 1092 429 1133 deinde
460 1092 602 1134 Status
632 1089 850 1131 masculini
882 1092 1102 1142 sequatur:
1141 1089 1253 1143 quod
1290 1089 1464 1130 minime
1505 1088 1701 1130 concedo.

297 1174 511 1216 Praetext.
542 1174 569 1214 4
601 1188 640 1226 p.
673 1172 756 1213 281
792 1172 877 1212 lave
908 1171 1119 1226 Bergkius
1152 1171 1306 1212 Philol.
1337 1170 1525 1212 XXXIII
1556 1171 1654 1212 306.

301 1258 352 1298 12
384 1258 468 1298 dice
498 1256 544 1296 in
577 1254 862 1308 suspicionem
895 1255 1066 1295 vocavit
1098 1253 1176 1294 Ed.
1208 1253 1372 1294 Becker
1411 1253 1520 1294 stud.
1558 1251 1579 1294 I
1619 1253 1701 1295 146

179 1327 249 1383 (cf.
281 1343 320 1382 p.
355 1326 470 1381 129).

303 1410 355 1451 31
396 1410 532 1451 minus
569 1408 857 1461 mz'randumst,
893 1407 963 1448 sed
992 1409 1181 1459 portenta
1217 1405 1430 1462 Bergkius
1475 1407 1502 1448 l.
1546 1406 1572 1448 1.
1616 1407 1700 1449 307

181 1481 356 1532 offerant
383 1479 623 1521 incredibili
653 1478 830 1520 licentia
859 1477 1186 1531 interpretatus:
1220 1477 1279 1519 ‘se
1313 1477 1524 1520 offerunt'.

300 1562 554 1604 Addendum
586 1575 678 1603 esse
710 1560 831 1602 Accii
862 1559 1053 1613 reliquiis
1086 1562 1232 1602 monet
1262 1560 1376 1602 idem
1407 1576 1448 1616 p.
1481 1561 1564 1603 311
1597 1561 1703 1604 haec

182 1649 288 1688 quae
329 1633 441 1688 apud
478 1633 654 1674 Festum
693 1647 730 1673 v.
764 1632 964 1673 fammodo
997 1631 1042 1671 in
1078 1630 1281 1673 Politiani
1314 1632 1565 1687 apographo
1598 1632 1705 1688 legit

180 1704 473 1746 Mommsenus
507 1702 644 1760 (Festi
676 1704 865 1758 quatern.
899 1716 939 1755 p.
973 1699 1066 1756 70):
1106 1749 1109 1751 ¹

301 1788 452 1830 Accius
482 1788 528 1829 m
561 1820 569 1829 .
603 1820 610 1828 .
644 1820 652 1828 .
678 1789 763 1828 otor
795 1786 874 1827 lius
905 1785 1134 1827 dardanius
1166 1818 1174 1827 .
1207 1819 1216 1827 .
1248 1818 1257 1827 .
1290 1819 1298 1827 .
1329 1786 1375 1827 in
1407 1784 1575 1828 tenebris

182 1870 256 1912 ubi
287 1885 364 1925 pro
398 1870 486 1911 illis
520 1870 599 1911 lias
630 1869 859 1911 dardanius
889 1867 1075 1921 primum
1116 1867 1324 1921 scriptum
1364 1867 1496 1908 fuisse
1529 1868 1704 1910 tindari-

182 1942 331 1983 darum
373 1943 561 1982 testatur
599 1940 904 1982 Mommsenus.
977 1937 1153 1979 Habent
1190 1940 1334 1979 autem
1372 1938 1501 1979 ceteri
1539 1952 1705 1993 quoque

184 2011 348 2054 codices
385 2013 500 2053 Accii
535 2025 691 2053 nomen
729 2009 982 2066 &ammodo
1023 2009 1188 2063 antiqui
1217 2008 1438 2063 ponebant
1467 2023 1545 2063 pro
1578 2009 1704 2052 modo

184 2085 232 2123 ut
271 2083 440 2124 Accius:
481 2081 701 2123 tamniodo
746 2080 885 2134 inquit
927 2078 1278 2136 Praenestinus').
1321 2079 1395 2120 ubi
1431 2094 1484 2120 ne
1517 2080 1610 2134 quis
1655 2079 1706 2122 de

184 2154 339 2195 Blaccii
380 2153 553 2194 nomine
596 2151 860 2193 restituendo
906 2151 1118 2206 cogitaret
1161 2151 1264 2193 olim
1313 2149 1545 2205 prudenter
1593 2151 1708 2193 cavit

185 2223 446 2266 Ritschelius
478 2222 651 2278 Parerg.
687 2238 727 2277 p.
758 2223 833 2277 40,
872 2222 943 2276 qui
982 2224 1056 2263 aut
1092 2236 1233 2263 errore
1274 2221 1451 2262 nomina
1480 2224 1707 2275 poetarum

186 2293 329 2335 Plauti
357 2296 400 2335 et
418 2293 537 2335 Accii
568 2294 814 2347 permutata
845 2307 938 2334 esse
971 2294 1045 2333 aut
1076 2292 1342 2333 intercidisse
1375 2292 1557 2333 alterum
1588 2292 1708 2333 testi-

186 2365 377 2406 monium
407 2364 619 2406 intellexit
649 2362 719 2419 (cf.
751 2363 893 2405 adnot.
926 2363 979 2404 ad
1009 2363 1243 2404 Trinumm.
1276 2361 1393 2418 609).
1454 2361 1578 2404 Nunc
1605 2377 1704 2404 vero

187 2436 373 2477 dubitari
417 2450 506 2477 non
547 2436 695 2488 potest
737 2434 839 2488 quin
879 2437 981 2489 post
1016 2433 1138 2476 Accii
1179 2434 1321 2476 locum
1363 2433 1506 2474 Plauti
1549 2447 1706 2474 nomen

186 2506 461 2549 interciderit.
523 2503 605 2546 Sed
642 2505 757 2546 illius
795 2505 934 2560 qualis
971 2504 1081 2546 liber
1118 2504 1430 2559 intellegendus
1479 2504 1535 2544 sit
1578 2504 1704 2557 plane

187 2577 416 2619 incertum:
447 2591 549 2618 nam
579 2578 750 2630 praeter
780 2575 950 2617 fabulas
984 2574 1131 2629 quidm·
1151 2574 1372 2629 Parergon
1404 2576 1478 2614 aut
1502 2573 1704 2629 Pragma-

187 2648 305 2690 ticon
334 2649 454 2690 locus
487 2647 641 2702 aliquis
673 2647 865 2701 potuerit
896 2645 1250 2688 commemorari?
1287 2645 1353 2686 Ex
1384 2644 1705 2699 tragoediarum

188 2719 357 2774 quidem
387 2717 527 2760 titulis
558 2717 751 2772 proxime
785 2732 809 2758 a
842 2716 1078 2771 scripturae
1110 2715 1301 2770 reliquiis
1334 2716 1473 2756 abest:
1511 2715 1557 2756 in
1592 2718 1704 2756 ante-

187 2792 354 2833 noridis.

260 2977 336 3005 Con.
355 2978 433 3004 LAT.
451 2977 528 3004 Bm„
1412 2961 1424 2997 i
