2023 3287
229 224 281 263 24
830 224 901 258 CN.
928 224 1135 257 NAEVIVS

795 326 1194 369 {FVNIOVLARIA

927 404 947 444 I
979 402 1045 458 (2)

1075 479 1342 521 Theodotum

234 556 315 597 100
348 554 584 609 Oompsses,
619 553 833 611 [pingens]
868 556 939 610 qui
972 556 1065 598 airas
1098 555 1408 610 Compitalibus

349 630 508 673 Sedens
541 633 586 673 in
619 633 723 674 cella
757 631 1056 674 circumtectus
1088 633 1302 687 tegetibus

348 708 476 749 Lares
508 709 694 750 ludentis
727 709 825 763 pe'ni
857 709 996 764 pinxit
1025 708 1197 750 bubulo.

922 819 965 860 II
997 817 1062 874 (1)

1078 895 1251 936 exbolas

349 954 574 1003 Quassant.

913 1025 978 1066 111
1011 1024 1076 1079 (3)

235 1102 316 1143 105
872 1101 960 1143 eius
992 1103 1162 1142 noctem
1195 1114 1331 1142 nauco
1365 1100 1515 1141 ducere

323 1254 583 1286 TVNICVLARIA
630 1254 646 1285 I
672 1254 804 1285 Festus
830 1255 949 1295 p.·230
964 1254 1013 1285 M.
1065 1257 1232 1295 ‘penem
1257 1254 1401 1294 antiqui
1428 1252 1552 1285 codam
1577 1254 1757 1286 uocabant

230 1319 273 1324 —
291 1318 328 1322 —
351 1299 485 1331 dictum
510 1303 566 1330 est
591 1299 748 1330 forsitan
774 1309 794 1330 a
818 1298 1021 1340 pendendo.
1069 1299 1252 1330 Naeuius’
1279 1297 1374 1339 (neu
1384 1300 1407 1329 t’
1432 1298 1506 1333 cod.
1525 1301 1620 1330 teste
1638 1299 1682 1330 H.
1701 1298 1757 1337 K.)

232 1347 285 1377 ‘in
310 1343 569 1376 Tunicularia:
601 1343 839 1375 Theodotum’
869 1354 898 1376 e.
922 1353 957 1384 q.
984 1354 1011 1376 s,
1060 1343 1259 1384 ‘significat
1284 1343 1449 1384 peniculo
1475 1343 1623 1384 grandi,
1649 1344 1685 1375 id
1703 1348 1758 1376 est

231 1390 348 1424 coda-⁷
398 1388 602 1430 Respondit
627 1388 671 1420 de
696 1388 765 1420 hoc
789 1388 868 1421 1000
895 1388 1139 1420 Klussmanno
1165 1388 1230 1422 Th.
1256 1388 1428 1420 Panofka
1458 1397 1545 1419 mus.
1569 1388 1682 1420 Rhen.
1709 1389 1758 1420 IV

236 1437 299 1468 133
325 1444 403 1476 sqq.
438 1433 532 1465 conl.
558 1433 747 1465 Maerobio
779 1433 856 1465 Sat.
883 1433 899 1464 I
926 1434 960 1472 7,
987 1434 1042 1465 34.
1097 1433 1256 1465 Acumen
1289 1433 1413 1464 horum
1450 1443 1618 1464 uersuum
1648 1434 1685 1464 111
1717 1444 1758 1465 eo

231 1480 388 1522 positum
412 1477 576 1518 uidetur,
603 1478 695 1519 quod
721 1478 904 1510 triuialem
922 1477 1128 1518 nulliusque
1148 1479 1237 1509 artis
1263 1476 1429 1509 tabulam
1450 1478 1612 1518 picturus
1638 1481 1759 1509 tamen

236 1525 341 1566 quasi
366 1523 526 1555 diuinum
553 1533 641 1564 opus
668 1526 766 1555 esset
791 1532 984 1564 aggressus
1008 1522 1167 1563 undique
1188 1533 1226 1554 se
1246 1522 1521 1563 circumsaepsit
1538 1522 1757 1554 Theodotus.

232 1570 340 1601 Hunc
366 1571 489 1600 autem
516 1567 762 1600 cautissimum
789 1572 825 1600 et
850 1568 985 1609 optime
1010 1567 1186 1598 munitum
1212 1568 1328 1598 uirum
1356 1578 1400 1598 ex
1424 1568 1504 1608 ipsa
1530 1566 1620 1598 aede
1646 1568 1761 1599 furari

233 1624 339 1656 posse
366 1612 520 1645 callidus
547 1612 605 1644 fur
638 1612 783 1645 dieitur.
832 1612 1052 1644 Ludentium
1082 1612 1198 1643 larum
1229 1612 1388 1653 imagine
1414 1611 1515 1643 ludos
1541 1611 1761 1653 Compitales

235 1659 392 1691 indicari
416 1657 599 1689 Prellerus
625 1657 773 1698 mythol.
791 1657 892 1688 Rom.
910 1658 976 1689 495
1001 1656 1174 1694 coniecit3
1202 1656 1383 1688 saltantes
1408 1655 1589 1687 intellexit
1613 1657 1660 1689 H.
1680 1657 1761 1689 Jor-

232 1704 347 1735 (lanus
374 1702 509 1734 annall.
543 1702 702 1734 instituti
734 1702 914 1735 archaeol.
945 1702 1029 1734 1862
1061 1712 1094 1743 p.
1121 1703 1185 1734 338
1277 1701 1314 1733 II
1339 1698 1456 1732 Varro
1494 1700 1536 1732 de
1569 1700 1591 1733 1.
1624 1702 1665 1736 L.
1690 1701 1760 1734 VII

235 1750 298 1781 108
324 1748 371 1779 M.
397 1747 509 1789 ‘apud
534 1746 712 1779 Naeuium
739 1748 775 1778 in
791 1747 955 1779 Hesiona
964 1771 1070 1779 .....
1080 1748 1116 1777 111
1141 1746 1395 1778 Tunicularia:
1421 1745 1605 1777 exbolas
1632 1755 1760 1788 quas-

235 1796 338 1826 sant
364 1790 505 1824 aulas’
533 1789 639 1830 (corr.
666 1792 703 1823 in
730 1791 866 1824 alilas
897 1790 1025 1832 Flor,)‚
1057 1794 1166 1832 ‘quae
1194 1792 1393 1830 eiciuntur,
1426 1802 1447 1821 a
1479 1791 1618 1823 Graeco
1648 1792 1760 1823 uerbo

235 1837 360 1870 ecbole
385 1837 545 1869 dictum-²
597 1835 894 1877 (auricularia
913 1836 990 1869 cod.
1009 1840 1081 1868 uet.
1101 1836 1273 1877 Turnebi)
1344 1836 1399 1867 ΙΙΙ
1423 1836 1558 1868 Festus
1583 1846 1616 1877 p.
1635 1837 1698 1868 166
1712 1835 1759 1866 Μ.

235 1887 437 1914 ‘naucum
462 1882 515 1914 ait
538 1882 666 1914 Ateius
690 1881 903 1923 Philologus
928 1883 1015 1924 poni
1046 1891 1109 1923 pro
1142 1881 1250 1922 nugis
1275 1898 1313 1903 —
1341 1898 1384 1902 —
1408 1898 1451 1903 —
1477 1883 1514 1912 et
1537 1880 1698 1912 Naeuius
1724 1880 1759 1912 111

235 1927 489 1960 Tunicularia:
515 1927 607 1959 eius'
636 1937 664 1961 0,
692 1938 724 1968 q.
753 1936 778 1960 S.

352 2093 430 2129 100
461 2092 631 2139 compiles
663 2095 804 2138 scripsi
833 2091 1026 2138 compellas
1050 2092 1130 2128 eod.
1166 2090 1306 2140 (fuitne
1329 2092 1557 2141 oompeilas?)
1589 2093 1763 2140 compella

237 2149 414 2196 Scccliqer
433 2148 570 2196 Castiq.
596 2149 646 2184 ad
660 2149 761 2184 Fest.
781 2148 943 2195 p.GXX
960 2147 1114 2195 appellas
1140 2147 1181 2183 Ο.
1198 2148 1410 2184 Muellerus
1423 2147 1580 2196 adpelles
1602 2149 1763 2186 Botlzius

348 2205 500 2252 pingens
522 2205 651 2240 addidi
659 2233 669 2251 ,
701 2216 768 2241 om.
793 2205 874 2241 eod.
897 2214 1011 2250 nuper
1041 2205 1125 2240 olim
1153 2206 1393 2240 inserueram
1508 2205 1576 2240 aris
1606 2205 1763 2253 Maehly

236 2262 381 2297 cannati.
402 2262 547 2307 philoll.
574 2260 677 2297 1861
707 2272 748 2307 p.
774 2260 974 2305 140‚‘2·tem
995 2270 1098 2306 susp.
1121 2260 1173 2296 H.
1194 2261 1343 2296 Jordan
1375 2258 1404 2307 (‘
1421 2261 1533 2296 Vesta
1555 2266 1590 2297 et
1609 2261 1761 2298 Lares?

238 2318 413 2354 Berolini
443 2316 548 2353 1865
574 2329 618 2363 p.
652 2316 739 2363 19).·
771 2328 836 2364 090
868 2317 952 2352 olim
977 2317 1245 2352 intellexeram
1277 2316 1359 2364 ‘qui
1385 2319 1512 2363 pinxit
1533 2329 1647 2366 aras,
1680 2320 1762 2354 scil.

235 2376 344 2410 lares
379 2372 575 2409 ludentis.³
636 2374 718 2417 Qua
758 2377 957 2410 contentus
995 2377 1191 2421 structura
1227 2375 1351 2418 possis
1388 2375 1500 2408 etiam
1537 2373 1629 2409 ludis
1674 2378 1763 2410 ante

236 2428 491 2476 Compitalibus
513 2431 714 2465 inserendo
738 2440 891 2465 uersum
913 2430 1084 2475 explere.
1136 2427 1376 2475 Theodotum,
1399 2428 1582 2476 oppeilans
1605 2430 1664 2476 qui
1686 2440 1762 2465 aras

242 2486 522 2525 Buechelerus;
553 2486 620 2521 sed
648 2485 1047 2532 co1npilan‹li„uerbum
1079 2496 1163 2520 eum
1203 2487 1386 2520 uniuersa
1418 2487 1605 2521 sententia
1637 2489 1764 2521 tuetur

239 2547 314 2578 lum
344 2542 549 2577 Phaedrus
579 2541 602 2577 I
615 2542 645 2578 V
676 2541 739 2587 11,
773 2542 793 2576 1
827 2551 883 2588 sq.
1003 2540 1077 2577 101
1117 2541 1369 2576 circumtectus
1394 2541 1434 2576 0.
1456 2540 1668 2577 Muellerus
1698 2542 1764 2577 eir-

238 2602 458 2633 cumtectuas
497 2599 577 2633 eod.
620 2598 849 2633 circumtecta
890 2596 1066 2645 Scaliyer
1103 2597 1354 2633 circumiectos
1391 2597 1568 2643 Maelzly:
1602 2597 1764 2643 facilius

237 2655 505 2699 circumtectas,
537 2654 619 2689 scil.
652 2664 750 2699 aras,
778 2654 1025 2700 probccuerim
1114 2652 1192 2689 103
1224 2652 1364 2688 eobolas
1399 2652 1437 2687 Ο.
1472 2653 1682 2689 Muellerus

242 2707 320 2745 104
359 2715 527 2756 quassant
558 2709 654 2745 aulas
699 2705 752 2757 (ut
793 2709 889 2745 aulas
919 2711 1299 2755 interpretamentum
1348 2709 1534 2745 Varronis
1563 2708 1623 2754 sit)
1654 2709 1761 2745 Flor.

239 2768 332 2800 teste
351 2765 615 2802 Wilmannsio:
640 2778 674 2801 u.
696 2777 831 2812 supra.
853 2761 965 2814 [idem
988 2768 1099 2801 sentit
1111 2766 1304 2813 Berqlcius
1325 2766 1469 2800 annali.
1490 2765 1636 2813 philoll.
1657 2764 1766 2801 1870

237 2833 274 2866 p.
308 2817 407 2869 831]
441 2821 538 2857 aulas
571 2828 739 2869 quassant
772 2822 878 2858 Goth.
913 2821 996 2857 alias
1035 2827 1204 2870 quassant
1233 2821 1359 2861 Paris.
1394 2832 1416 2855 cc
1554 2819 1631 2857 105
1663 2822 1764 2856 nauci

241 2876 401 2913 Bothius
