2023 3287
281 221 360 261 102
797 219 982 253 SEXTVS
1007 219 1264 253 TVRPILIVS

944 322 1009 363 ΠΙ
1043 320 1137 378 (10)

875 398 1016 440 Nauia

458 476 512 517 Di
547 478 639 518 sero
673 476 972 517 aduenientem
1004 476 1206 529 perdunt:
1239 476 1307 516 hic
1341 475 1510 530 quidem

282 554 364 594 140
456 551 547 594 Nos
580 553 730 606 perdifi.
791 552 947 593 festum
979 553 1069 593 esse
1101 552 1193 592 hice
1227 553 1426 606 quz'irtum
1458 552 1569 592 diem

620 628 758 669 Hodie
791 627 968 669 sterant:
1001 629 1061 669 ita
1094 630 1363 669 conuentum.

398 800 593 840 Profecto
626 801 673 839 ut
706 799 882 853 quisque
915 797 1094 840 minimo
1128 801 1353 840 contentus
1386 799 1478 851 fuit,

397 876 464 917 Ita
496 875 760 916 f6rtunatam
792 874 927 916 ustam
961 875 1069 915 uixit
1100 875 1294 928 mz'ixime,

395 951 456 993 Vt
487 950 736 1006 philosophi
770 951 890 992 aiunt
921 950 1013 1005 isti,
1045 951 1198 1005 quibus
1232 950 1401 1005 quiduis
1435 954 1501 992 sat
1533 954 1607 992 est.

972 1045 1012 1086 V
1046 1043 1111 1101 (1)

287 1123 370 1165 145
404 1121 634 1176 Compesce
667 1122 809 1163 uerbis
841 1122 1036 1163 ue‘litare:
1069 1122 1123 1163 ad
1153 1123 1243 1162 rem
1274 1122 1374 1162 redi.

277 1272 357 1309 212,
383 1271 425 1302 35
452 1272 725 1300 ‘mercatura
752 1269 919 1300 feminini
940 1294 946 1300 .
967 1293 974 1300 .
994 1297 1001 1304 ‚
1021 1272 1042 1303 ,⁷
1181 1269 1238 1301 III
1262 1268 1474 1300 Priscianus
1500 1268 1544 1301 de
1570 1269 1692 1301 metris
1717 1279 1806 1301 com.

278 1326 310 1357 p.
343 1316 429 1347 1327
455 1315 495 1346 P.
523 1314 731 1345 ‘Terentius
763 1313 949 1346 trochaico
982 1314 1094 1346 mixto
1119 1314 1179 1346 uel
1211 1314 1364 1346 confuso
1395 1323 1474 1345 cum
1507 1314 1663 1346 iambico
1694 1315 1810 1346 utitur

310 1384 318 1392 .
343 1384 350 1391 .
377 1363 417 1391 ut
448 1359 486 1390 in
517 1358 674 1390 Andria:
708 1357 847 1398 adhuc,
884 1358 1073 1400 Archylis,
1113 1369 1207 1400 quae
1240 1357 1410 1391 adsole'nt
1444 1368 1609 1400 quaeque
1647 1358 1805 1400 oportet’

279 1416 310 1436 e.
337 1415 370 1446 q.
406 1415 432 1436 s.
481 1403 676 1436 ‘Similiter
707 1403 860 1435 Plautus
891 1404 928 1435 in
960 1403 1185 1436 Truculento
1219 1402 1251 1445 [Ι
1283 1406 1319 1444 2,
1355 1402 1385 1445 1]
1419 1403 1546 1435 eodem
1577 1407 1691 1436 metro
1721 1413 1807 1436 usus

279 1453 334 1481 est
364 1449 402 1481 in
436 1459 600 1481 sermone
642 1448 801 1480 ancillae
834 1448 1022 1490 Astaphii:
1061 1449 1121 1480 ad’
1156 1448 1240 1489 (ser.
1273 1447 1417 1490 ‘apud’)
1450 1448 1563 1481 ‘fores
1601 1447 1807 1480 auscultate

279 1498 390 1535 atque
411 1493 602 1525 aisseruate
622 1492 747 1525 aedes’
776 1503 806 1526 e.
826 1503 857 1535 q.
878 1504 905 1525 s.
955 1493 1156 1535 ‘Turpilius
1174 1494 1211 1524 in
1229 1493 1363 1524 Lindia
1381 1496 1544 1525 nautae
1571 1503 1808 1535 personam

277 1538 454 1570 inducit
487 1538 554 1570 hoe
586 1542 700 1570 metro
726 1538 953 1578 loquentem:
985 1533 1029 1569 di’
1058 1549 1087 1571 e.
1114 1549 1146 1579 q.
1174 1548 1200 1570 s.
1293 1538 1344 1569 IV
1369 1538 1582 1570 Priscianus
1614 1538 1655 1570 de
1683 1539 1808 1570 metris

276 1595 370 1617 com.
396 1594 429 1625 p.
457 1584 542 1615 1326
567 1584 608 1614 P.
637 1583 839 1625 ‘Turpilius
873 1593 1016 1624 quoque
1042 1584 1080 1614 in
1112 1584 1186 1615 suis
1218 1582 1313 1614 idem
1348 1583 1441 1614 facit
1466 1582 1688 1623 comoediis'⁷
1715 1582 1806 1623 (scil.

277 1630 313 1660 in
338 1629 547 1671 prologis
574 1631 611 1659 et
634 1629 793 1670 primis
818 1629 1005 1660 scaenis
1032 1628 1207 1660 trimetris
1232 1629 1347 1659 utitur
1372 1628 1559 1660 iambicis:
1586 1628 1633 1660 cf.
1653 1639 1686 1670 p.
1707 1627 1807 1669 1322)

279 1678 333 1705 ‘ut
357 1675 395 1705 in
421 1673 575 1705 Lindia:
602 1673 783 1714 profecto'
811 1684 841 1706 e.
870 1683 902 1714 q.
929 1683 955 1705 s.
1062 1675 1095 1706 V
1120 1674 1258 1705 Nonius
1283 1675 1317 1712 3,
1344 1674 1385 1705 10
1411 1673 1648 1706 ‘uelitatio
1675 1674 1809 1705 dicitur

280 1804 527 1851 Grautoffius
612 1814 784 1851 processe
806 1803 986 1850 Gifanius
1006 1803 1180 1852 prodesse
1209 1805 1298 1841 libri
1383 1802 1482 1839 nehis
1506 1804 1610 1840 Leid.
1730 1804 1806 1841 139

278 1860 414 1896 —141
457 1861 647 1897 baeelzeos
684 1871 768 1896 eum
809 1862 984 1896 clausula
1023 1861 1185 1896 iambica
1224 1871 1325 1896 nune
1364 1862 1558 1905 constitui,
1599 1861 1734 1907 quales
1771 1863 1807 1896 in

280 1919 450 1953 Andriae
472 1922 507 1952 et
532 1917 757 1952 Truculenu·
776 1919 962 1962 exemplis
983 1921 1071 1952 ante
1092 1918 1261 1952 lazulalis
1281 1918 1471 1964 leyuntur.
1562 1915 1639 1953 139
1671 1915 1704 1951 di
1727 1927 1808 1952 sero

279 1975 420 2019 scripsi
449 1973 514 2008 diis
538 1973 671 2019 Reyin.
696 1973 813 2008 Parr.
836 1974 906 2009 AR
927 1973 1029 2008 Leicl.
1063 1973 1093 2009 V
1112 1972 1165 2007 dis
1194 1973 1357 2009 Urbinas
1380 1972 1425 2007 dii
1449 1974 1560 2019 uulyo
1676 1972 1808 2008 aduen-

282 2035 413 2065 tantem
441 2029 613 2075 fortasse
644 2030 775 2064 melius
890 2029 947 2064 hie
978 2030 1060 2064 edd.
1101 2028 1135 2064 hi
1167 2028 1301 2075 Reyin.
1335 2028 1451 2063 Parr.
1484 2028 1553 2063 AR
1591 2029 1683 2065 Leia
1722 2030 1752 2064 V
1780 2030 1809 2064 si

280 2087 321 2135 K
321 2087 428 2120 eitius
514 2085 613 2132 ipsus
633 2084 805 2131 fortasse
827 2086 993 2121 additum
1011 2084 1090 2131 fuit
1178 2083 1258 2121 140
1277 2084 1433 2131 perdidit
1454 2085 1536 2120 edd.
1625 2085 1810 2121 Fortasse

281 2142 471 2189 quaedam
493 2141 554 2176 hic
576 2143 697 2176 omisit
718 2141 947 2177 Priscianus
1062 2137 1158 2190 esse]
1183 2153 1232 2176 an
1250 2141 1354 2176 ecce?
1470 2141 1548 2176 hice
1570 2140 1634 2186 (an
1656 2141 1771 2176 huncc
1781 2140 1809 2187 ?)

281 2203 447 2245 quartum
489 2197 581 2232 diem
621 2199 765 2242 scripsi
801 2196 894 2232 diem
933 2197 990 2232 hic
1028 2202 1192 2244 quartum
1229 2198 1320 2233 libri
1449 2197 1572 2233 Paulo
1610 2199 1811 2234 uiolentius

282 2260 541 2299 transponere
563 2252 668 2288 hodic
693 2253 748 2288 hic
779 2258 945 2300 quartum
977 2254 1071 2289 Dicin
1101 2258 1276 2299 poteram
1393 2251 1469 2288 141
1503 2253 1551 2289 ita
1582 2265 1650 2289 om.
1674 2254 1806 2302 Reyin.

393 2309 427 2345 di
459 2309 708 2344 aduenientem
746 2309 917 2357 perdant:
957 2309 1015 2345 hic
1053 2309 1197 2357 quiden]
1237 2308 1396 2344 Pe'rdidit
1434 2320 1511 2344 nos.
1548 2308 1693 2345 Festum
1731 2320 1810 2345 esso

284 2367 339 2402 hic
378 2365 470 2401 diem
510 2366 676 2412 quiirtum
714 2365 820 2401 hodie
858 2366 1008 2401 iterant:
1046 2362 1109 2402 'Ita
1151 2370 1409 2401 conuentumst
1441 2365 1706 2412 Grctzltoffiu8‚
1748 2368 1812 2402 eui

280 2424 356 2468 ipsi
385 2423 470 2458 olim
496 2421 779 2467 probabiliores
809 2424 1018 2468 anapaesti
1053 2421 1086 2457 di
1118 2421 1366 2457 aduenientem
1399 2433 1433 2469 p.
1467 2421 1502 2456 11.
1535 2433 1568 2468 q.
1628 2421 1699 2457 Nos
1730 2421 1809 2469 pcr-

281 2478 382 2513 didit.
425 2478 481 2513 hic
518 2477 650 2512 festum
689 2477 768 2513 c'sse
806 2477 899 2513 diem
930 2477 1103 2521 Quartum
1134 2476 1239 2513 hodie
1277 2478 1426 2513 iterant:
1467 2478 1514 2512 ita
1555 2476 1809 2513 conuenlumst

277 2536 526 2580 placuerant.
587 2534 707 2569 Aliter
738 2535 805 2570 aliz·
833 2536 869 2569 in
908 2537 1078 2570 numeris
1117 2535 1385 2578 elaborarunt,
1425 2543 1491 2581 690
1528 2535 1613 2569 olim
1642 2536 1681 2570 in
1713 2545 1808 2569 αηα-

279 2592 446 2637 pccestis;
493 2590 644 2625 Keilius
683 2592 780 2626 tales
823 2591 1019 2636 discripsit
1063 2592 1197 2638 quales
1235 2591 1479 2626 Priscianum
1524 2600 1606 2625 esse
1646 2591 1809 2626 uoluisse

283 2648 354 2682 sibi
378 2649 596 2692 persuasit:
627 2646 674 2681 dii
705 2657 735 2681 a.
768 2658 820 2694 p.⁷
851 2647 881 2681 si
912 2646 1055 2694 quidem
1086 2658 1152 2682 nos
1182 2646 1312 2694 perdit.
1344 2645 1551 2681 Festum..
1578 2673 1585 2681 .
1611 2673 1618 2681 .
1643 2652 1808 2692 quai-[uni

284 2702 410 2738 llodic'
445 2713 476 2738 e.
509 2715 543 2749 q.
575 2713 617 2747 s.,
660 2705 869 2739 trimetrum
907 2714 959 2738 se.
998 2704 1198 2739 iambicum
1237 2703 1592 2749 hypercatalectum
1631 2703 1810 2738 subiectis

282 2760 448 2794 ‹limelris
479 2760 595 2794 catal.
618 2760 786 2804 duobus,
819 2771 979 2806 quorum
1011 2764 1136 2795 tamen
1153 2761 1266 2805 prior
1291 2768 1339 2794 ne
1359 2759 1559 2794 mendosus
1590 2764 1700 2799 esset,
1733 2759 1808 2794 sal-

284 2818 355 2849 lem
378 2815 454 2849 hice
476 2816 715 2851 scribendum
738 2821 822 2850 erat
930 2814 1008 2850 144
1037 2815 1147 2851 adunt
1166 2816 1260 2851 Par.
1286 2814 1319 2849 R
1341 2815 1443 2850 Leid.
1481 2814 1511 2850 V
1625 2813 1702 2851 145
1726 2825 1808 2849 con-

283 2881 389 2918 pcrcc
422 2870 556 2906 Bamb.
674 2870 753 2906 dedi
785 2872 920 2907 Bamb.
