2023 3287
296 226 373 265 130
607 226 671 257 Ex
695 224 924 258 INCERTIS
949 225 1270 258 INCERTORVM
1296 226 1502 259 FABVLIS

941 327 1171 371 LXXXIII

407 406 524 455 Quae
557 407 706 460 potero
739 409 935 461 tangam:
968 408 1015 446 tii
1047 406 1153 447 mihi
1185 407 1301 462 leges
1333 409 1443 448 tene.

946 481 1172 524 LXXXIV

1068 573 1147 600 uae
1180 560 1302 615 mihi,
1335 561 1471 601 mater
1503 561 1614 601 mea!

951 635 1155 678 LXXXV

291 713 373 754 105
396 711 539 769 [Satis]
563 716 642 755 est:
663 727 818 754 reuoca
837 712 1014 754 fratrem
1038 711 1200 768 [eodem
1216 712 1348 768 stl'rpe
1369 712 1580 769 gnatum:]
1604 714 1815 767 plaudite!

286 854 320 884 p.
340 844 405 875 272
431 846 612 875 restant
637 854 670 885 p.
688 844 753 874 417
847 842 1060 884 periimus
1088 854 1150 874 ins.
1169 843 1277 883 Iunii,
1303 843 1491 876 Mei-cerus
1509 844 1705 885 perimus
1731 842 1817 875 libri

287 888 402 919 ceteri
495 889 672 920 Fortasse
698 891 909 930 perstant
935 891 971 919 et
1001 888 1214 929 periimus
1241 888 1336 919 inter
1367 888 1458 920 duas
1490 898 1665 930 personas
1692 888 1815 920 distri-

286 933 442 968 huenda,
536 934 668 965 Parum
695 933 905 974 probabilia
932 933 1090 965 coniecit
1109 932 1374 964 CMFrancken
1399 933 1502 968 Coni,
1531 934 1611 967 erit.
1639 933 1684 965 ad
1710 934 1817 965 Luci-

286 978 374 1009 lium
398 978 436 1010 II
459 989 492 1020 p.
521 979 541 1010 8
634 980 653 1010 2
681 977 855 1010 Gnatho
887 979 1072 1009 Mel-cerus
1103 981 1208 1010 nato
1239 977 1323 1010 libri
1422 989 1554 1010 narro
1588 978 1697 1020 quos]
1729 977 1816 1010 Pal-

291 1023 426 1055 merius
518 1023 682 1055 Distinxi
707 1033 884 1065 personas

373 1068 566 1100 LXXXIII
592 1069 779 1110 Excerpta
797 1068 1002 1100 Bernensia
1029 1069 1064 1098 in
1083 1068 1231 1109 Hageni
1257 1067 1354 1100 anal.
1375 1067 1482 1099 Helu.
1508 1067 1753 1110 p.CCXXXI,
1776 1069 1816 1099 14

282 1116 318 1144 et
343 1113 507 1146 Iubmus
534 1113 735 1145 'Ioletanus
760 1124 793 1155 p.
820 1115 840 1145 9
872 1112 1072 1154 exemplum
1098 1113 1270 1144 exhibent
1296 1123 1312 1145 s
1336 1113 1485 1145 litterae
1518 1123 1589 1144 11011
1613 1112 1817 1154 liquescen-

283 1159 342 1190 tis.
436 1159 625 1191 LXXXIV
650 1158 835 1200 Excerpta
860 1159 968 1193 Bern.
992 1158 1030 1189 in
1047 1158 1194 1199 Hageni
1219 1158 1315 1190 anal.
1340 1158 1447 1190 Helu.
1476 1169 1508 1199 p
1535 1158 1753 1190 CCXXVIII
1780 1162 1815 1190 et

283 1203 451 1235 Iulianus
476 1203 678 1235 Toletanus
706 1215 739 1245 p.
767 1206 830 1236 103
857 1206 922 1235 (110
956 1206 1013 1235 est
1039 1204 1248 1235 coniunctio
1269 1203 1491 1245 ..quando
1525 1203 1636 1235 fuerit
1661 1214 1815 1245 praepo-

286 1248 434 1280 sitiuum
461 1252 496 1280 et
521 1259 599 1280 cum
618 1249 856 1281 commotione
877 1249 987 1280 animi
1012 1248 1164 1288 dictum,
1190 1252 1228 1278 ut
1253 1251 1357 1290 puta,
1384 1259 1452 1280 uae
1479 1248 1565 1280 mihi
1590 1259 1633 1280 m.
1661 1259 1719 1287 m.⁷
1746 1251 1815 1279 erit

282 1294 550 1326 interiectio
577 1294 804 1326 dolentis.’
865 1294 987 1325 Etiam
1013 1304 1057 1325 ex
1082 1293 1277 1335 tragoedia
1303 1296 1446 1335 sumpta
1473 1303 1554 1325 esse
1582 1296 1746 1335 possunt.

373 1339 428 1370 Ex
452 1340 689 1381 Pompeianis
714 1339 909 1371 uersiculis
935 1349 1046 1370 unum
1065 1339 1268 1380 exemplum
1286 1339 1345 1370 bic
1363 1348 1552 1380 excerpere
1572 1339 1663 1371 satis
1689 1338 1813 1377 habui,

282 1395 315 1416 n.
345 1385 431 1417 1896
456 1385 514 1416 Z.:

463 1430 538 1462 ubi
563 1427 700 1471 perna
725 1432 852 1461 cocta
879 1432 960 1469 est,
989 1427 1026 1461 si
1051 1429 1272 1461 conuiuae
1299 1428 1564 1470 apponitur,

463 1484 547 1506 non
573 1472 733 1516 gustat
757 1485 950 1516 pernam,
978 1473 1117 1516 lingit
1143 1474 1278 1505 ollam
1305 1477 1380 1505 aut
1407 1473 1660 1507 caccabum.

283 1531 384 1570 Quae
422 1531 459 1562 in
497 1531 681 1573 hospitem
725 1530 885 1572 aliquem
929 1530 1036 1562 nimis
1082 1530 1285 1562 officiosum
1326 1533 1362 1562 et
1399 1530 1601 1563 modestum
1643 1530 1816 1562 uidentur

283 1576 384 1608 dicta
408 1586 506 1616 esse,
533 1577 595 1617 qui
621 1575 800 1608 conuiuae
833 1576 960 1617 epulas
997 1576 1161 1616 integras
1188 1575 1384 1616 concedat,
1418 1576 1496 1617 ipse
1523 1576 1594 1607 sibi
1619 1576 1709 1607 nihil
1738 1576 1813 1608 fere

283 1624 414 1653 sumat.
465 1622 518 1652 Ex
545 1621 697 1653 fabulae
723 1621 877 1653 alicuius
897 1621 1070 1652 memoria
1089 1621 1125 1652 in
1144 1631 1280 1652 murum
1307 1621 1531 1662 transcripta
1550 1631 1630 1652 esse
1651 1621 1811 1653 Bueche-

283 1666 383 1698 lerus
409 1676 550 1708 quoque
578 1676 666 1699 mus.
693 1666 807 1700 Rhen.
832 1666 903 1698 XII
928 1667 992 1698 257
1020 1669 1056 1698 et
1081 1665 1219 1700 anthol.
1247 1666 1328 1700 Lat.
1355 1676 1452 1708 spec.
1478 1666 1495 1697 I
1520 1677 1552 1707 p.
1578 1668 1596 1699 7
1623 1667 1767 1698 statuit.

284 1712 384 1743 Inter
409 1711 553 1752 reliqua
581 1712 737 1744 forsitan
763 1712 906 1754 possint
932 1712 1065 1743 comici
1091 1714 1220 1753 poetae
1248 1721 1328 1743 esse
1354 1722 1388 1743 n.
1419 1712 1504 1743 1883
1530 1712 1568 1745 Ζ.

327 1768 450 1801 ne'mo
478 1772 546 1801 est
570 1768 722 1801 bellus
747 1767 836 1800 nisi
863 1769 938 1810 qui
964 1766 1380 1800 amauitmiilierem
1399 1766 1810 1810 adules[ee'ntulus.

288 1830 324 1858 et
349 1827 436 1858 2069
463 1825 693 1867 (Buecheleri
719 1825 857 1857 anthol.
885 1826 968 1859 Lat.
998 1835 1097 1867 spec.
1124 1825 1141 1857 I
1165 1836 1199 1858 n.
1225 1823 1324 1867 XIV)

327 1882 487 1915 moram
512 1883 548 1915 si
574 1892 778 1924 quaeres,
805 1882 966 1925 sparge
992 1882 1161 1914 milium
1189 1885 1231 1914 et
1256 1881 1436 1924 collige.

371 1945 540 1977 LXXXV
566 1945 697 1977 Festus
723 1956 756 1986 p.
783 1947 848 1978 313
872 1947 920 1979 M.
947 1944 1170 1987 ‘stir[pem
1201 1945 1239 1977 in
1265 1944 1463 1976 masculino
1490 1942 1642 1987 gene]ie
1670 1945 1812 1986 antiqui

283 1990 518 2032 [usurparunt
543 2001 606 2032 pro
634 2001 676 2022 eo
703 1990 796 2032 quod
823 1994 880 2022 est
907 1989 1082 2033 fe]mina‚
1106 1988 1369 2032 met[aphorico
1395 1999 1475 2021 1101,
1469 1990 1570 2021 ibuh
1595 1989 1689 2032 usu,]
1717 2000 1812 2031 quae

284 2046 380 2067 nunc
404 2037 442 2066 in
469 2034 641 2078 [femineo
669 2035 850 2077 profertur
875 2033 1037 2077 gene]re.
1086 2036 1216 2067 Liuius
1241 2056 1284 2060 —
1308 2053 1350 2056 —
1378 2032 1422 2075 [h
1412 2032 1550 2077 nnius]
1581 2052 1623 2056 —
1650 2046 1670 2066 a
1696 2036 1811 2077 stirpe

282 2091 449 2121 supremo
471 2108 478 2115 ,
499 2102 506 2109 .
527 2105 533 2112 .
554 2105 560 2113 ,
582 2105 589 2112 .
610 2103 617 2112 .
643 2078 767 2122 [satis]
796 2083 880 2119 est,
918 2090 1080 2112 reuoca
1107 2078 1310 2132 fratre[1n
1343 2079 1468 2111 eodem
1500 2082 1618 2121 stirpe
1645 2079 1810 2122 gnatum]

282 2126 511 2168 plaudite.'
584 2125 668 2157 Alia
706 2125 902 2168 quaedam,
941 2125 984 2157 de
1024 2125 1153 2167 quibus
1184 2126 1221 2156 in
1259 2124 1455 2157 corollario
1494 2124 1689 2157 dicendum
1729 2126 1809 2166 erit,

284 2172 405 2203 sciens
431 2174 633 2213 praetereo.

282 2301 382 2339 quae
414 2290 652 2337 tranSposuic
682 2289 724 2326 L.
749 2290 913 2326 Mueller
1029 2302 1079 2326 αη
1110 2289 1336 2326 comedenti?
1367 2292 1442 2326 nisi
1467 2290 1572 2337 forte
1604 2290 1812 2326 ablatiuum

282 2359 367 2384 cum
404 2347 554 2383 similem
593 2347 782 2383 ade'ectiuo
821 2349 1063 2383 coniunctum
1095 2347 1222 2392 fuisse
1259 2351 1420 2383 statuas.
1584 2346 1662 2384 103
1702 2347 1810 2381 tumia

283 2403 461 2440 Iulianus
557 2403 687 2440 Com'cz'
712 2405 832 2449 possit
863 2402 902 2438 ui
933 2403 1017 2438 mihi
1048 2403 1146 2450 leges
1178 2402 1268 2438 hene
1301 2408 1382 2439 tene
1502 2401 1579 2439 104
1613 2413 1655 2437 ue
1685 2402 1806 2438 Bern.

396 2459 475 2496 105
514 2460 598 2495 satis
649 2460 828 2501 Vrsinus,
868 2471 942 2496 non
983 2464 1150 2506 apparet
1186 2461 1224 2494 in
1263 2461 1345 2496 cod.
1491 2458 1637 2494 fratrem
1682 2458 1807 2494 eodem

280 2517 393 2564 stirpe
426 2517 586 2553 Vrsinus
616 2515 725 2551 fratre
749 2543 1220 2551 ............
1253 2517 1333 2552 cod.
1451 2520 1597 2563 gnatum
1623 2514 1662 2550 0.
1684 2515 1806 2550 Muel-

279 2575 399 2620 ierus,
432 2584 507 2610 non
539 2577 706 2619 apparet
735 2574 773 2607 in
806 2574 887 2609 cod.
920 2577 1138 2620 prognatum
1180 2573 1342 2608 Vrsinus
