2023 3287
615 222 862 255 APPENDIX
888 223 1260 256 SENTENTIARVM
1616 221 1698 267 385

300 326 417 375 Quae
448 326 563 367 bona
595 328 804 368 concessit
835 327 924 368 fors
955 327 1118 368 iustitia
1148 327 1367 380 temperet.

299 401 495 444 Iustitiae
528 403 665 444 edicta
696 405 905 458 temperet
936 404 1156 458 patientia.

181 479 266 521 235
298 479 514 521 Fortunae
545 480 733 521 nimium
756 479 950 522 tribuens
982 481 1149 521 minuas
1182 480 1373 535 gloriam.

297 557 330 598 F
335 559 489 598 ort-tina
522 560 665 598 caecat
696 558 853 598 multos
886 559 934 598 ut
965 557 1152 598 medicus
1184 557 1333 597 malus.

298 632 423 675 Datis
455 634 672 674 beneficiis
704 634 799 688 pliis
833 649 960 688 quam
993 634 1177 688 acceptis
1211 633 1408 688 gaudeas.

299 710 528 765 Acceptius
560 709 819 752 beneficium
852 711 990 752 reddit
1022 711 1226 752 celeritas.

296 787 382 829 Diti
415 787 688 829 deliberando
721 788 880 829 amicos
913 788 1032 843 elige.

181 864 266 906 240
298 862 439 905 Amici
470 864 630 906 famam
661 865 780 906 tuam
811 867 962 919 putato
996 865 1186 920 gloriam.

297 941 485 983 Probare
518 942 676 984 amicos
708 941 755 983 sn
786 957 830 983 re
864 942 1043 983 aduersa
1075 942 1274 984 faciliust.

299 1017 397 1059 Sine
430 1019 572 1060 anima
605 1034 776 1074 corpus,
807 1019 888 1060 11όο
922 1022 985 1060 est
1018 1019 1108 1060 sine
1142 1017 1289 1060 amicis
1320 1019 1462 1061 homo.

297 1094 404 1136 Cum
436 1094 584 1136 amicis
616 1096 725 1137 ratio
758 1096 916 1151 breuis,
948 1096 1052 1137 fides
1084 1094 1391 1150 longissimast.

297 1169 458 1213 Caueto
491 1172 692 1226 amicum,
725 1171 845 1213 Cusus
878 1188 1070 1214 amarum
1103 1172 1223 1213 dulce
1256 1173 1322 1214 sit.

181 1247 268 1290 245
298 1246 565 1303 Principium
597 1249 923 1290 amicitiarumst
954 1250 1004 1290 de
1036 1249 1209 1291 homine
1242 1249 1349 1291 bene
1381 1250 1510 1305 loqui.

295 1323 493 1366 Amicum
525 1340 579 1367 ne
611 1326 704 1367 10οό
738 1326 908 1380 quidem
939 1326 1083 1367 laedas
1115 1326 1256 1367 uelim.

1630 1341 1650 1371 C!

1655 1342 1673 1371 CJ!

1680 1342 1696 1372 μ

295 1400 459 1442 Amicis
492 1402 688 1444 exhibeto
722 1417 829 1457 quac
862 1405 909 1443 tu
940 1401 1023 1443 tibi
1054 1403 1172 1444 uelis,

266 1556 330 1587 237
357 1555 611 1596 ‘Eleemosyna
641 1566 711 1587 non
738 1559 812 1587 tam
839 1555 1104 1596 accipientibus
1130 1553 1277 1598 prodest
1307 1566 1413 1598 quam
1438 1556 1627 1589 dantibus’
1654 1557 1697 1589 (10

176 1611 263 1632 mor.
291 1602 349 1638 553
378 1604 503 1631 extant
528 1601 615 1632 item
641 1601 677 1631 in
704 1599 735 1642 β.
829 1602 894 1632 245
920 1601 1132 1633 Vincentius
1158 1601 1250 1633 Bell.
1276 1611 1328 1643 sp.
1353 1601 1385 1633 d.
1412 1603 1443 1641 6,
1471 1603 1523 1637 14,

289 1766 368 1801 233
401 1777 453 1813 sq.
487 1777 575 1812 quae
607 1766 751 1802 fortuna
782 1768 1002 1802 concesserit
1033 1772 1206 1814 temperet
1245 1768 1397 1803 iustitia.-
1437 1768 1532 1815 quod
1564 1769 1697 1805 iustitia

176 1823 355 1857 inuenerit
388 1827 561 1869 temperet
592 1824 758 1869 patientia
791 1836 824 1858 m
848 1823 911 1867 13,
936 1823 958 1858 2
1076 1823 1155 1860 235
1187 1824 1217 1859 si
1244 1824 1337 1859 0111111
1369 1823 1534 1860 fortunae
1559 1827 1698 1861 auxeris

176 1878 375 1924 licentiam,
411 1879 539 1913 minuis
571 1878 722 1924 (minues
764 1879 823 1924 W)
855 1879 1004 1926 gloriam
1036 1892 1069 1915 m
1103 1880 1174 1926 13,
1207 1880 1229 1916 3
1266 1879 1316 1916 W
1414 1878 1593 1930 tribuens]
1617 1884 1698 1918 siue

177 1934 367 1982 indulgens
484 1934 563 1971 ‘236
596 1935 738 1970 fortuna
770 1942 809 1970 ut
840 1935 996 1970 medicus
1028 1937 1172 1983 ignarus
1204 1936 1336 1972 multos
1373 1943 1490 1973 caecat
1521 1937 1698 1983 (excaecat

185 1990 244 2036 W)
274 2002 308 2025 m
332 1990 396 2034 13,
429 1991 451 2027 3
484 1991 531 2025 W
644 1990 722 2027 237
757 1991 814 2038 Cf.
841 1992 932 2037 Syri
951 1997 1044 2028 sent.
1069 1992 1120 2028 55
1152 1992 1232 2040 plus
1264 1992 1380 2040 gaude
1402 1993 1493 2029 datis
1524 1993 1558 2029 h.
1593 2006 1697 2042 quam

176 2047 328 2093 acceptis
360 2059 394 2082 m
428 2046 489 2091 14,
526 2048 546 2082 1
665 2047 745 2084 238
777 2048 940 2083 celeritas
973 2047 1183 2084 beneficium
1215 2050 1350 2096 gratius
1381 2049 1465 2085 facit
1495 2063 1529 2086 m
1560 2050 1625 2097 14,
1652 2051 1697 2088 5.-

176 2102 228 2149 ‘'f-
263 2102 355 2149 Syri
384 2115 419 2138 u.
456 2102 531 2138 141
679 2103 757 2140 239
790 2107 845 2140 sic
877 2116 910 2140 m
944 2104 1008 2150 15,
1043 2106 1063 2140 1
1211 2104 1292 2142 240
1322 2106 1421 2141 amici
1460 2105 1568 2142 uitam
1601 2113 1696 2143 tuam

176 2159 308 2205 imputa
341 2158 478 2194 samam.
537 2160 635 2194 amici
668 2159 792 2195 samam
824 2165 920 2195 tuam
951 2161 1085 2208 imputa
1129 2161 1280 2208 gloriam
1310 2174 1345 2197 m
1379 2161 1444 2208 15,
1476 2163 1499 2198 3
1616 2163 1694 2199 241

176 2215 228 2260 cf.
263 2214 352 2260 Syri
381 2226 415 2249 u.
447 2214 499 2249 42
533 2217 697 2261 append.
732 2216 796 2253 58.
831 2217 1043 2253 Aristoteles
1075 2217 1162 2252 dixit
1192 2217 1336 2253 difficile
1367 2229 1447 2253 esse
1477 2219 1512 2254 111
1543 2230 1582 2254 re
1613 2230 1695 2267 pro-

177 2281 278 2317 spera
323 2271 454 2305 amicos
500 2270 673 2318 probare,
720 2273 755 2307 in
795 2272 943 2308 aduersa
981 2284 1122 2321 semper
1165 2273 1268 2309 facile
1306 2287 1341 2309 m
1383 2273 1448 2320 15,
1482 2275 1504 2311 6
1543 2275 1696 2322 probare

176 2327 307 2361 amicos
329 2325 475 2362 difficile
497 2333 551 2362 est
573 2338 610 2362 re
631 2339 805 2375 prospera
827 2329 1014 2364 Gruterus
1129 2329 1208 2365 242
1243 2330 1364 2377 quanti
1390 2336 1445 2365 est
1475 2332 1551 2366 sinc
1581 2333 1694 2367 anima

176 2393 326 2429 corpus,
361 2383 449 2417 tanti
481 2389 534 2418 est
566 2384 640 2418 sine
672 2385 789 2419 amicis
813 2384 919 2420 1101110
949 2398 983 2420 m
1007 2385 1072 2431 15,
1092 2385 1115 2422 8
1233 2386 1313 2422 243
1346 2397 1426 2421 011111
1447 2388 1566 2422 amicis
1587 2389 1696 2423 ratio-

176 2449 238 2473 nes
271 2437 419 2484 breues,
459 2440 626 2474 amicitias
665 2440 791 2488 longas
831 2451 910 2476 esse
950 2447 1095 2488 oportet
1134 2454 1168 2477 m
1201 2442 1266 2488 15,
1300 2442 1352 2479 10
1376 2454 1406 2488 p
1436 2443 1489 2479 56
1615 2443 1695 2479 244

175 2495 323 2529 amicum
356 2494 521 2530 blandum
553 2506 658 2541 caue,
689 2497 789 2531 cuius
821 2507 974 2531 amarum
1006 2503 1061 2532 est
1091 2508 1233 2545 semper
1263 2499 1358 2545 quod
1390 2497 1498 2534 fuerit
1528 2499 1631 2535 dulce
1661 2512 1696 2535 m

178 2551 241 2595 ]5,
267 2549 316 2585 12
433 2548 600 2600 amicum]
635 2563 791 2587 amorem
824 2554 968 2588 mauult
990 2554 1256 2589 Buechelerus
1370 2553 1450 2590 245
1482 2556 1694 2602 principium

175 2607 347 2641 amicitiae
378 2612 434 2642 est
465 2606 554 2642 benc
588 2608 685 2654 loqui
715 2620 748 2643 m
784 2608 846 2654 15,
874 2608 923 2644 13
956 2610 1166 2657 principium
1198 2621 1227 2644 a.
1261 2616 1316 2645 est
1346 2609 1378 2646 b.
1401 2610 1424 2649 1,
1458 2611 1546 2646 111310
1578 2612 1695 2647 dicere

175 2662 357 2697 exordmm
397 2663 658 2698 inimicitiarum
685 2676 715 2710 p
747 2664 810 2707 61,
844 2676 864 2700 c
898 2665 988 2708 108,
1024 2666 1053 2700 V
1185 2665 1264 2702 246
1297 2666 1445 2702 amicum
1478 2666 1619 2702 laedere
1650 2678 1694 2703 110

176 2719 254 2754 1000
286 2718 426 2765 (1111110111
459 2724 604 2766 oportet
634 2732 668 2755 m
702 2721 767 2766 15,
802 2721 871 2756 17:
904 2723 1051 2765 eadem,
1091 2723 1160 2757 secl
1193 2724 1231 2757 in
1263 2725 1369 2758 exilu
1400 2722 1484 2758 licet
1514 2723 1694 2759 Pithoeus

288 2773 366 2810 247
399 2776 509 2810 3111100
532 2786 570 2810 03
593 2775 759 2811 exhibere
791 2776 893 2812 decet
925 2788 1013 2824 quae
1037 2777 1098 2813 tibi
1121 2778 1208 2813 uelis
1239 2790 1274 2814 m
1298 2778 1359 2824 15,
1386 2777 1437 2814 18
1468 2778 1536 2815 1100
1567 2779 1694 2815 exhibe

177 2829 273 2878 quod
310 2830 374 2866 tihi
405 2832 585 2879 optaueris
617 2831 775 2868 exhiberi
806 2845 839 2868 m
873 2833 908 2877 1,
941 2833 989 2869 21
1027 2845 1056 2880 p
1088 2834 1139 2870 73
1178 2835 1289 2870 amico
1323 2845 1362 2870 ea
1394 2833 1561 2871 exhibeto
1601 2846 1691 2883 quae

176 2886 266 2923 uelis
302 2885 365 2922 tibi
399 2887 587 2924 Gruterus

243 2954 319 2981 con.
336 2954 412 2982 Imm.
434 2956 512 2982 Bm..
1388 2956 1431 2986 25
