2023 3287
249 174 332 215 442

296 278 363 310 ber.
392 281 433 310 76
452 280 492 311 79
510 277 647 312 Ριιῦἶίῖ.
668 279 686 309 2
714 278 871 310 rusticae
893 279 993 318 togai

295 334 337 354 ne
356 324 403 355 sit
421 324 528 365 copia
549 322 660 355 Titzssn.
679 322 785 355 44'ut
802 333 846 354 ne
863 321 992 364 Pomp.

297 370 359 400 143
386 369 444 410 qui
473 378 515 399 ne
542 366 641 400 Pau.
662 366 731 400 inc.
751 366 822 400 inc.
840 369 882 399 47
909 367 993 400 aliis

295 413 339 444 de
373 413 497 451 rebus,
532 414 567 444 ni
602 423 673 455 qua
700 413 853 454 coepisti
885 422 994 455 super

294 455 431 497 Afran.
459 458 549 489 344*

249 503 463 534 Neaeram
490 500 612 535 Licin.
641 505 655 533 1
711 528 714 532 .

248 549 420 579 meretrix
445 547 566 589 Neap
579 548 709 580 olitis
733 545 868 587 Afrum.
897 548 961 580 136

248 598 284 629 in
310 598 471 630 nebula
496 598 592 629 linea
616 596 754 630 Puble'l.
783 599 824 630 18

248 642 462 674 nebuloni
490 642 617 683 Pomp.
645 645 687 674 93

248 698 327 718 nee
352 686 452 720 Pan.
478 686 547 720 ine.
566 686 636 719 inc.
659 690 698 719 19
719 686 787 719 98*
816 685 930 719 Titz'n.
949 689 990 719 47

292 731 422 774 Pomp.
456 735 518 764 166
550 731 683 764 Labor.
717 734 758 764 17
795 743 863 764 nec
895 736 990 764 recte

292 777 363 809 dici
389 777 473 809 mihi
494 776 604 818 Turp.
624 779 665 809 24
690 788 757 809 nee
784 778 854 809 erit
872 775 992 809 Nam.

293 824 332 854 91
376 833 443 854 nec
479 832 560 854 esse
595 821 707 863 Turp.
741 824 783 854 63
820 832 886 854 nec
918 833 990 854 uin-

294 877 399 944 3333
418 864 664 944 Jississfflnff
674 867 839 954 33³1?ss
843 878 867 943 ζ’
874 867 991 944 01³3?ss

293 955 364 989 inc.
391 956 461 989 inc.
481 959 524 989 44
550 968 618 989 nec
645 983 651 988 .
680 983 686 989 .
716 967 783 989 nee
806 954 907 989 Caco.
928 959 990 989 201

295 1003 360 1034 245
391 1000 490 1036 Pan.
523 1001 596 1036 ine.
627 1001 698 1033 ine.
732 1003 772 1033 41
808 1000 920 1034 Tz'tz'n.
950 1004 991 1033 27

293 1046 421 1088 Pomp.
448 1049 467 1080 3
486 1045 617 1079 Laber.
636 1049 677 1079 53
702 1057 819 1089 neque
840 1073 846 1078 .
868 1075 874 1081 .
893 1045 991 1078 nec*

294 1118 301 1124 .
329 1116 334 1123 .
359 1103 426 1124 nec
462 1090 562 1126 Caec.
595 1093 659 1124 206
699 1102 815 1133 neque
849 1116 856 1123 .
890 1119 897 1126 .
928 1102 992 1124 nec

291 1135 441 1169 Ιιιῑιωιί.
467 1138 487 1168 8
514 1135 576 1179 (ch.
603 1147 720 1178 neque
748 1134 864 1177 iufra)

248 1198 436 1220 necesse
462 1185 585 1220 Naeu.
613 1189 676 1219 106
702 1185 834 1222 Laber.
865 1189 928 1219 126
955 1187 991 1219 id

293 1237 479 1265 necessest
507 1231 622 1265 Titiae.
649 1234 689 1264 12

247 1279 510 1310 necessitas
536 1276 667 1310 Labor.
693 1279 736 1310 98

250 1328 334 1370 quid
353 1329 401 1360 sit
419 1339 651 1361 necessum
670 1328 762 1360 scire
780 1326 992 1368 Afrum346

246 1377 287 1405 ut
311 1373 447 1406 hedera
474 1399 480 1406 .
506 1398 513 1405 .
538 1374 637 1406 uires
663 1374 836 1406 arboreas
861 1377 993 1404 necat

292 1419 345 1450 ita
370 1429 425 1450 me
450 1422 618 1451 uetustas
643 1443 651 1451 .
670 1442 677 1450 .
705 1423 835 1450 enecat
860 1416 991 1451 Labor.

294 1465 357 1495 122

249 1508 443 1540 nefariis
470 1508 592 1541 uerbis
618 1505 750 1539 Laber.
777 1510 816 1539 31

250 1553 345 1585 dotis
363 1553 607 1595 neglegunt
625 1550 915 1592 uxoriasAfrmz.
930 1555 991 1584 157

248 1613 388 1645 negas
406 1602 534 1644 Pomp.
554 1605 615 1635 186
634 1614 705 1635 non
721 1607 828 1644 negat
840 1601 940 1636 Caec.
950 1606 992 1635 43

293 1648 351 1680 uel
379 1649 413 1680 ai
431 1649 489 1680 uel
516 1659 607 1690 nega
627 1646 747 1682 Narem.
769 1650 832 1680 125
858 1653 991 1690 negato

292 1692 422 1735 Pomp.
449 1695 512 1725 147
540 1694 576 1725 di
603 1704 739 1735 negare
771 1696 829 1726 cui
854 1694 905 1725 nil
930 1705 991 1736 po·

294 1741 441 1770 tuerunt
466 1737 597 1770 Labor.
626 1741 689 1771 107
847 1731 860 1747 ³

249 1788 329 1830 plus
361 1789 518 1830 negoti
551 1793 605 1821 est
630 1787 763 1822 Laber.
789 1790 830 1821 63
856 1788 991 1821 disten-

295 1837 351 1865 tus
378 1835 519 1865 animus
540 1861 547 1867 .
570 1858 577 1865 .
604 1834 762 1875 negotiis
786 1831 922 1873 Afrcm.
949 1836 991 1865 73

250 1894 374 1917 nemo
404 1882 504 1919 Caec.
533 1886 597 1916 120
623 1883 735 1925 Turp.
763 1885 825 1916 199
851 1882 987 1924 Afran.

296 1931 335 1962 31
369 1931 434 1961 236
466 1932 531 1961 250
567 1928 693 1970 Pomp.
727 1931 746 1961 9
777 1931 817 1961 81
856 1931 989 1961 nemini

295 1972 431 2014 Afran.
469 1976 511 2006 78
555 1975 733 2006 neminem
778 1973 889 2015 Turp.
928 1976 993 2006 194

295 2020 473 2051 neminem
499 2019 601 2051 decet
630 2020 760 2051 bonam
788 2017 900 2051 Titin.
928 2020 992 2051 158

248 2075 399 2106 nempe
426 2063 517 2096 Atta
544 2066 585 2096 10

248 2119 384 2151 nepos
411 2109 590 2151 pausillus
615 2106 749 2148 Afran.
777 2109 841 2139 246

250 2154 405 2196 neptis
430 2151 565 2193 Afran.
591 2155 656 2185 247
891 2186 892 2189 ,

250 2209 357 2231 cocus
400 2199 476 2230 edit
523 2199 773 2240 Neptunum
812 2198 991 2230 Venerem

295 2244 461 2276 Cererem
498 2241 616 2276 Naeu.
659 2245 719 2274 121
763 2244 992 2284 omnipotens

293 2289 461 2331 Neptune
489 2287 601 2330 Turp.
628 2289 691 2320 118

250 2340 375 2372 senica
399 2350 583 2381 nequam
600 2338 726 2380 Pomp.
749 2341 809 2370 131
836 2349 990 2381 nequam

292 2384 403 2416 filium
422 2383 554 2419 Labor.
570 2386 612 2416 79
630 2385 778 2425 nequior
795 2382 915 2418 Naeu.
929 2386 990 2416 117

248 2440 390 2471 neque
424 2428 536 2471 Turp.
568 2430 610 2461 48
647 2431 690 2460 95
724 2431 783 2461 151
825 2431 888 2461 157
925 2431 991 2461 205

295 2477 360 2507 209
388 2473 487 2508 Pan.
523 2474 591 2507 [nc.
625 2473 693 2506 inc.
725 2476 768 2506 39
801 2473 915 2506 Τίΐίη.
951 2476 990 2506 10

292 2519 421 2561 Pomp.
461 2522 503 2551 97
542 2522 601 2551 131
645 2530 762 2560 neque
796 2543 803 2550 .
832 2545 838 2552 .
870 2529 989 2560 neque

294 2562 416 2599 Naeu.
443 2564 497 2596 261
525 2562 625 2596 Caec.
651 2565 694 2596 80
714 2566 776 2596 190
795 2562 907 2605 Turp.
925 2566 990 2596 200

292 2609 421 2651 Pomp.
453 2611 516 2642 188
565 2619 681 2651 neque
715 2635 721 2640 .
751 2633 757 2640 .
790 2619 907 2650 neque
941 2632 948 2640 .
983 2635 990 2642 .

294 2665 408 2697 neque
434 2653 562 2695 Pomp.
589 2656 629 2686 14
656 2652 716 2694 (cf.
740 2664 809 2685 nec
833 2654 962 2695 supra)

249 2714 416 2746 nequeo
444 2703 557 2746 Turp.
584 2706 624 2737 51
653 2704 722 2736 62¹·
747 2705 904 2746 nequisti
932 2702 990 2736 Ti-

294 2748 361 2781 tin.
389 2751 432 2782 25

251 2795 513 2835 nequiquam
544 2792 645 2828 Gaec.
670 2796 735 2827 233
765 2792 899 2834 Afrcm.
928 2796 991 2826 172

802 178 968 214 Neaeram
1000 199 1053 204 —
1084 179 1228 214 nimium

1033 279 1266 320 nequitiae
1291 279 1414 311 nidum
1439 277 1578 311 Publae'l.
1605 281 1646 311 10

1032 323 1265 355 Nerienem
1292 322 1455 356 Licin.1

1031 369 1068 399 in
1094 378 1225 399 neruo
1251 369 1436 401 nictabere
1464 366 1559 401 Nou.
1586 370 1628 400 47

1031 413 1182 444 nescio
1208 411 1327 446 Naeu.
1357 416 1420 445 115
1445 412 1573 454 Pomp.
1600 415 1617 445 7
1651 414 1771 445 nescio

1076 459 1154 499 quis
1179 456 1307 499 Pomp.
1333 460 1375 491 99
1401 459 1525 490 nescio
1552 458 1611 500 qui
1637 457 1772 498 Afrsm.

1074 504 1138 534 417
1171 505 1294 535 nescio
1327 503 1410 545 quid
1439 501 1575 543 Afrum.
1605 504 1664 535 191
1699 501 1773 535 La-

1076 546 1145 580 ber.
1168 550 1230 580 137
1257 549 1393 580 rustico
1418 549 1540 580 neseio
1558 549 1615 579 cui
1635 546 1773 587 Af’ran.

1076 594 1140 624 159
1181 594 1305 625 nescio
1353 593 1454 635 quid,
1501 593 1563 624 sed
1609 603 1680 624 non
1719 598 1773 625 est

1076 636 1203 679 Pomp.
1223 639 1287 669 120
1306 639 1423 670 neseis
1442 636 1578 677 Asran.
1598 639 1618 669 3
1642 636 1770 678 Pomp.

1078 684 1118 713 12
1135 684 1251 714 nescit
1268 681 1394 724 Pomp.
1414 684 1454 714 17
1475 682 1641 714 nesciunt
1660 680 1772 717 Titm.

1077 729 1141 759 104
1166 728 1348 760 nescibam
1378 726 1490 769 Tum).
1519 729 1558 759 17

1032 769 1212 805 nescius
1242 770 1342 808 Coeo,
1369 772 1436 805 65*

1031 827 1179 850 necem
1205 814 1326 849 Naeu.
1356 819 1419 850 132

1030 867 1073 898 ni
1094 892 1100 898 .
1121 891 1128 898 .
1150 870 1183 898 te
1207 868 1352 898 miseret
1371 865 1482 908 Tum).
1503 870 1545 899 54
1570 868 1606 899 ni
1632 878 1696 900 nos
1722 871 1771 899 te-

1076 921 1201 943 xamus
1234 910 1348 943 Tarm.
1379 914 1421 943 26
1453 915 1487 943 ni
1519 923 1597 944 eam
1631 937 1638 945 .
1671 936 1679 944 .
1709 924 1772 945 no·

1074 956 1260 988 bilitarent
1287 955 1400 990 Titia.
1427 957 1494 988 69*
1525 958 1562 988 ni
1592 982 1600 989 .
1636 983 1641 990 .
1675 968 1773 989 ama-

1075 1011 1146 1032 rem
1176 999 1312 1041 Afran.
1347 1004 1412 1034 248
1451 1002 1578 1033 mirum
1615 1003 1652 1034 ni
1685 1002 1772 1034 haec

1075 1047 1199 1078 Marsa
1231 1050 1285 1078 est
1314 1045 1442 1088 Pomp.
1480 1049 1543 1079 118
1583 1048 1709 1079 mirum
1736 1048 1772 1079 ni

1075 1094 1216 1122 cantem
1242 1089 1339 1124 IVozo.
1367 1094 1429 1124 114
1454 1093 1492 1123 ni
1517 1093 1643 1124 mirum
1673 1090 1771 1124 Pall.

1074 1135 1145 1168 inc.
1166 1135 1234 1168 inc.
1254 1139 1274 1168 5
1298 1135 1435 1176 Afran.
1460 1139 1525 1170 398
1551 1135 1680 1170 Laber.
1708 1139 1769 1169 111

1076 1181 1160 1223 quid
1186 1182 1247 1213 ni?
1273 1179 1422 1216 Imce'nt.
1448 1180 1497 1214 8*

1029 1232 1211 1264 Nieasio
1237 1230 1373 1272 Afrsm.
1401 1233 1463 1263 189

1031 1285 1261 1315 nictentur
1298 1284 1445 1325 perticis
1480 1280 1581 1313 Caeo.
1615 1283 1655 1313 72
1693 1291 1771 1313 eum

1075 1329 1111 1360 in
1137 1338 1245 1359 neruo
1272 1329 1458 1360 nictabere
1485 1324 1582 1358 Nou.
1608 1327 1650 1358 47

1030 1384 1215 1421 percutere
1241 1379 1364 1410 nietu
1386 1376 1485 1410 Coeo.
1507 1379 1570 1408 194
1595 1378 1696 1408 nictu
1722 1377 1771 1408 ci-

1075 1425 1148 1456 tius
1174 1422 1304 1458 Laber.
1332 1423 1420 1456 129*

1030 1474 1212 1516 nequitiae
1238 1473 1379 1505 nidum
1398 1499 1406 1507 .
1428 1498 1434 1504 .
1455 1472 1542 1504 feeit
1566 1470 1702 1505 Pcohlil.
1729 1475 1771 1505 10

1031 1524 1146 1557 nihil
1172 1552 1177 1558 .
1199 1551 1206 1558 .
1232 1528 1286 1556 est
1309 1548 1316 1555 .
1336 1549 1342 1555 .
1366 1523 1507 1564 quaesti
1534 1520 1647 1554 Tum,
1673 1521 1771 1566 26(?)

1076 1570 1169 1611 quod
1188 1570 1308 1605 editis,
1334 1568 1424 1600 nihil
1450 1570 1504 1599 est
1521 1565 1618 1599 Nou.
1636 1569 1655 1599 6
1681 1568 1771 1599 nihil

1076 1619 1132 1647 est
1164 1615 1288 1657 pericli
1319 1610 1416 1646 Nou.
1442 1614 1484 1644 32
1517 1612 1606 1644 nihil
1634 1612 1707 1644 fore
1734 1637 1768 1645 ..

1075 1661 1170 1692 inter
1186 1670 1239 1691 me
1258 1664 1365 1701 atque
1381 1658 1481 1689 illum
1503 1655 1601 1689 Coeo.
1622 1659 1663 1689 17
1681 1657 1772 1689 nihil

1074 1705 1182 1746 egisti
1213 1703 1312 1737 onec.
1341 1705 1405 1735 130
1436 1702 1525 1733 nihil
1557 1703 1614 1743 egi
1642 1700 1771 1744 Pomp.

1075 1752 1116 1783 77
1148 1750 1237 1781 nihil
1269 1749 1362 1781 addo
1388 1745 1484 1779 Nou.
1518 1750 1581 1779 115
1618 1747 1770 1779 nihil..

1075 1796 1151 1836 spei
1177 1795 1284 1827 eredo
1307 1792 1406 1826 Caec.
1426 1795 1468 1823 24
1486 1792 1622 1824 nihilne
1639 1790 1769 1825 Laber.

1073 1842 1140 1872 67*
1173 1840 1326 1873 nihilne.
1364 1839 1415 1869 nil
1447 1837 1513 1869 tibi
1549 1847 1627 1869 esse
1668 1834 1770 1869 Caec.

1075 1887 1115 1917 16
1156 1885 1207 1916 nil
1235 1883 1348 1916 Titiae..
1376 1882 1446 1914 26*
1487 1892 1592 1924 quom
1618 1882 1669 1913 nil
1694 1887 1771 1914 erat

1074 1929 1199 1971 Aqm‘l.
1217 1932 1236 1961 6
1263 1930 1312 1960 nil
1332 1930 1522 1970 quicquam
1541 1951 1548 1958 .
1568 1954 1576 1962 .
1598 1930 1654 1958 est
1671 1937 1770 1968 prae-

1074 1977 1121 2006 mi
1148 1973 1259 2016 Turp.
1285 1976 1350 2006 209
1375 1976 1415 2004 ut
1441 1971 1491 2003 nil
1510 1975 1653 2004 constet
1668 1970 1769 2005 Pall.

1074 2019 1144 2052 inc.
1160 2018 1230 2053 inc.
1247 2020 1288 2051 37
1303 2018 1399 2050 nilne
1416 2021 1449 2048 te
1464 2017 1587 2058 populi
1603 2020 1769 2050 ueretur‘?

1073 2063 1166 2097 Atta
1191 2067 1209 2096 7
1241 2064 1293 2095 nil
1325 2063 1438 2095 refert
1462 2060 1592 2096 Labor.
1620 2062 1660 2093 67
1693 2061 1769 2092 nil*

1072 2119 1233 2141 morai-es
1258 2106 1358 2140 Eam.
1383 2110 1403 2140 5
1431 2107 1480 2138 nil
1507 2108 1585 2148 agit
1609 2104 1709 2138 Caec.
1728 2109 1770 2139 66

1074 2155 1126 2186 nil
1164 2155 1298 2186 habeas
1334 2151 1435 2185 Caec.
1471 2153 1512 2183 74
1553 2152 1605 2182 nil
1645 2157 1771 2193 peccat

1078 2197 1179 2232 Caec.
1205 2200 1265 2230 161
1293 2207 1423 2240 negare
1450 2220 1482 2228 ..
1507 2196 1558 2227 nil
1579 2199 1770 2238 potuerunt,

1075 2243 1204 2277 Labor.
1224 2246 1286 2276 107
1313 2243 1362 2274 nil
1387 2243 1458 2274 nisi
1476 2251 1602 2273 nomen
1627 2242 1765 2274 retineo

1075 2288 1204 2322 Laber.
1225 2291 1289 2320 124
1306 2288 1358 2320 nil
1377 2288 1566 2330 quicquam
1585 2285 1684 2317 aliud
1700 2287 1770 2317 uiti

1076 2334 1245 2376 adportes
1286 2331 1386 2367 Coeo.
1424 2334 1489 2364 173
1537 2332 1625 2362 estis
1665 2331 1770 2362 nihili

1076 2378 1190 2412 Tc'ti'n.
1225 2381 1287 2411 157
1319 2379 1438 2410 minus
1469 2375 1542 2407 nilo
1577 2373 1675 2408 Caec.
1700 2375 1769 2408 92*

1075 2435 1138 2466 pro
1165 2424 1239 2456 nilo
1266 2423 1434 2455 habuerit
1463 2420 1563 2454 occec.
1591 2423 1655 2453 249

1028 2475 1159 2506 nimis
1192 2471 1312 2505 Naeu.
1350 2474 1389 2504 13
1427 2474 1470 2503 45
1501 2473 1543 2503 55
1579 2473 1622 2504 59
1653 2473 1695 2504 90
1725 2473 1765 2503 91

1077 2517 1176 2551 Caec.
1212 2520 1271 2550 131
1298 2519 1363 2549 250
1389 2515 1468 2557 (bis)
1497 2515 1608 2558 Turp.
1634 2518 1677 2548 34
1708 2514 1767 2548 Ti—

1072 2563 1140 2597 tm.
1168 2565 1230 2595 107
1256 2560 1393 2603 Afrcm.
1421 2564 1486 2594 320

1028 2613 1161 2646 nemini
1187 2613 1365 2644 nimium
1388 2612 1476 2643 bene
1499 2615 1554 2643 est
1574 2609 1707 2650 Afrcm.
1727 2613 1768 2643 78

1073 2669 1134 2691 cur
1151 2658 1298 2689 nimium
1318 2657 1546 2698 adpetimus?
1571 2654 1707 2695 Afrum.
1727 2658 1768 2687 78

1074 2704 1219 2735 nimium
1240 2727 1247 2735 .
1268 2727 1275 2734 .
1296 2703 1416 2744 sopori
1441 2701 1576 2732 sei-nias
1597 2698 1707 2742 Turp.
1726 2703 1769 2733 69

1073 2749 1220 2779 nimium
1245 2751 1279 2779 te
1305 2746 1552 2788 patrocinari.
1574 2773 1581 2780 .
1607 2746 1768 2787 benigni-

1074 2797 1128 2825 ter
1155 2791 1268 2827 Tarm.
1294 2794 1337 2823 49
1369 2791 1514 2823 nimium
1538 2801 1557 2821 ο
1589 2788 1767 2832 (nimium)

1075 2841 1151 2870 arte
1168 2835 1287 2870 Nam.
1309 2836 1374 2869 13*
1397 2835 1491 2868 ludit
1510 2835 1656 2866 nimium
1673 2837 1769 2868 insa-
