2023 3287
229 182 282 221 84
762 184 963 216 Lvscnvs
989 185 1217 217 LAV1N1vs

793 286 1184 329 THENSAVRVS

346 361 649 415 Athffnienses,
682 363 838 403 bollum
872 377 965 403 cum
998 363 1314 405 Rhodiensibus

346 438 466 486 Quod
500 438 627 479 fuerit
660 439 759 492 quid
792 452 870 493 ego
904 439 972 480 hic
1004 440 1275 493 praedicem?
1309 473 1316 479 .
1350 474 1357 479 .
1392 474 1399 480 .
1433 474 1439 480 .

656 549 732 590 EX
767 549 1037 592 INCERTIS
1070 550 1317 592 FABVLIs

977 627 997 668 Ι

346 702 706 744 ’,Ι“θ1’61111115·1111111.
734 704 840 757 prol.
867 704 923 744 30
950 700 1020 744 ‘ne
1041 704 1110 743 ille
1142 718 1220 757 pro
1248 717 1291 743 se
1318 703 1477 744 dictum
1510 704 1747 757 existumet,

226 778 305 826 Qui
327 793 463 832 nuper
494 779 596 820 fecit
616 794 738 820 seruo
759 780 945 820 currenti
971 780 1016 820 in
1036 780 1106 820 uia
1126 775 1317 820 Decesse'
1354 775 1564 832 (‘Dixisse'
1588 779 1746 833 Bentl.)

219 851 460 908 ‘populumt
493 870 567 896 cur
598 856 750 896 insano
785 856 971 896 seruiat?
1020 855 1084 896 De
1110 856 1224 896 illius
1256 856 1440 909 peccatis
1467 857 1590 910 plura
1622 855 1744 909 dicet,

225 946 320 972 cum
353 931 471 972 dabit
503 931 623 972 Alias
655 946 808 985 nouas,
839 932 923 972 nisi
954 932 1083 972 finem
1115 932 1351 972 maledictis
1383 928 1507 972 facit.9

967 1031 1010 1072 ΙΙ

343 1107 566 1149 Terentius
593 1108 763 1149 Phorm.
784 1109 889 1162 prol.
910 1109 937 1148 4
963 1104 1068 1161 ‘qui'
1105 1108 1210 1161 (scil.
1236 1110 1364 1162 poeta
1383 1107 1526 1163 uetus)
1552 1104 1631 1148 ‘ita
1663 1109 1744 1149 dic-

224 1184 340 1238 titat,
373 1199 478 1238 quas
511 1184 693 1225 antehac
724 1184 826 1225 feeit
857 1179 1034 1225 fabulas'
1070 1183 1143 1237 (sc.
1177 1183 1438 1240 Terentius),
1464 1180 1619 1225 ‘Tenui
1651 1199 1742 1226 esse

224 1261 417 1301 oratione
455 1264 497 1301 et
536 1261 745 1315 scriptura
789 1261 889 1302 leui:
934 1260 1042 1309 Quia
1080 1275 1290 1314 nusquam
1334 1261 1532 1301 insanum
1578 1261 1746 1315 scripsit

224 1337 589 1378 adulescentulum
610 1331 791 1395 Ceruam
821 1337 964 1378 uidere
996 1337 1144 1391 fugere
1177 1340 1219 1377 et
1251 1337 1401 1377 sectari
1423 1351 1549 1377 canes
1569 1337 1627 1378 Et
1652 1352 1745 1378 eam

222 1414 390 1467 plorare
424 1428 564 1468 orare,
595 1416 642 1455 ut
669 1413 897 1454 subueniat
929 1408 1029 1454 sibi?
1095 1413 1146 1453 ad
1180 1428 1287 1467 quae
1320 1413 1373 1454 cf.
1392 1413 1553 1454 Donati
1585 1414 1747 1454 scholia

223 1493 265 1530 et
303 1505 409 1544 quae
446 1489 680 1531 Ladevicus
725 1490 924 1531 disseruit
966 1490 1011 1530 111
1055 1490 1414 1530 commentatione
1459 1490 1508 1530 de
1547 1489 1744 1531 Volcatio

224 1565 412 1621 Sedigito
444 1582 483 1620 p.
520 1567 584 1607 16.

310 1696 557 1728 THENSAVRVS
604 1696 799 1727 Terentius
826 1705 907 1726 eun.
934 1694 1024 1737 prol.
1052 1697 1093 1728 10
1119 1698 1243 1737 ‘atque
1274 1695 1312 1726 in
1343 1695 1557 1727 Thensauro
1598 1696 1746 1738 scripsit

224 1751 400 1772 causam
427 1741 576 1772 dicere
603 1740 752 1781 Prius,
783 1740 896 1771 unde
928 1741 1117 1782 petitur,
1151 1751 1301 1772 aurum
1333 1750 1416 1781 qua
1441 1751 1484 1772 re
1519 1741 1580 1772 sit
1606 1751 1745 1779 suum,

224 1787 357 1826 Quam
383 1785 460 1817 ille
487 1786 559 1827 qui
584 1786 716 1826 petit,
741 1785 854 1817 unde
880 1785 917 1816 Is
944 1785 1002 1817 sit
1028 1785 1297 1817 thensaurus
1324 1786 1427 1824 sibi,
1455 1787 1538 1817 Aut
1562 1785 1676 1817 unde
1702 1786 1746 1817 in

224 1832 419 1872 patrium
445 1833 770 1862 monumentum
797 1830 1093 1871 pe1·uenerit.'
1142 1830 1308 1862 Donatus
1340 1831 1375 1861 in
1407 1830 1431 1861 l.
1463 1830 1485 1861 l.
1513 1832 1651 1872 ‘arguit
1676 1831 1745 1862 Te-

223 1877 361 1907 rentius
388 1875 481 1916 quod
499 1876 655 1907 Luscius
672 1878 801 1907 contra
820 1875 1121 1907 consuetudinem
1137 1875 1362 1917 litigantium
1381 1875 1632 1907 defensionem
1658 1878 1744 1907 ante

223 1921 495 1952 accusationem
534 1920 727 1951 induxerit.
792 1920 910 1951 Huius
947 1919 1043 1951 modi
1081 1921 1174 1951 enim
1213 1923 1269 1951 est
1305 1920 1431 1951 Luscii
1475 1922 1744 1961 argumentum:

223 1965 509 2003 adulescens,
538 1966 609 2006 qui
628 1975 715 1996 rem
742 1964 1014 1996 familiarem
1033 1964 1086 1995 ad
1104 1964 1366 2006 nequitiam'
1393 1962 1606 2005 (‘nequitia’
1633 1966 1745 1996 Bent-

222 2010 328 2050 leius)
355 2009 658 2051 ‘prodegerat‚
689 2019 860 2041 seruum
876 2010 1019 2040 mittit
1039 2009 1088 2040 ‘td
1113 2009 1258 2050 patris
1276 2012 1610 2049 monumentum
1630 2009 1745 2050 quod

223 2065 359 2087 senex
386 2055 473 2086 sibi
499 2055 630 2086 uiuus
655 2055 826 2094 magnis
853 2054 1014 2095 opibus
1040 2058 1364 2095 apparaueiQat
1391 2057 1437 2085 ut
1461 2053 1503 2085 id
1530 2055 1743 2096 aperiret,

222 2099 450 2130 inlaturus
478 2099 652 2140 epulas,
684 2109 792 2140 quas
824 2102 953 2140 pater
982 2102 1083 2140 post
1118 2108 1275 2130 annum
1309 2098 1521 2130 decimum
1555 2103 1746 2131 cauerat

223 2145 313 2176 sibi
337 2144 512 2176 inferri.
555 2143 629 2175 sed
655 2154 748 2175 eum
772 2153 941 2185 agrum,
968 2144 1012 2174 in
1031 2153 1110 2184 quo
1128 2146 1455 2175 monumentum
1475 2146 1584 2184 erat,
1609 2154 1743 2176 senex

223 2189 400 2230 quidam
427 2198 590 2220 auarus
616 2189 667 2220 ab
701 2187 999 2221 adulescente
1027 2191 1206 2219 emerat.
1264 2198 1419 2220 seruus
1452 2188 1502 2219 ad
1536 2189 1744 2230 aperien-

224 2235 317 2265 dum
343 2237 664 2266 monumentum
683 2233 854 2265 auxilio
873 2243 976 2264 usus
995 2234 1117 2265 senis
1143 2233 1401 2264 thesaurum
1420 2243 1515 2264 cum
1543 2233 1743 2274 epistola

223 2279 387 2310 ibidem
420 2279 603 2320 reperit.
653 2288 785 2310 senex
817 2278 1072 2310 thesaurum
1104 2281 1326 2319 tamquam
1356 2289 1377 2309 a
1402 2288 1446 2310 se
1480 2288 1558 2319 per
1582 2278 1743 2309 tumul-

222 2328 310 2356 tum
344 2323 551 2355 hostilem
584 2323 684 2355 illic
716 2323 941 2355 defossum
973 2322 1143 2354 retinet
1176 2327 1218 2354 et
1250 2323 1338 2354 sibi
1368 2322 1583 2354 uindicat.
1639 2323 1744 2354 adu—

222 2369 402 2401 lescens
434 2368 624 2399 iudicem
655 2368 796 2410 capit,
834 2368 947 2409 apud
981 2378 1104 2409 quem
1137 2368 1260 2409 prior
1290 2377 1443 2408 senex,
1482 2368 1553 2408 qui
1591 2378 1741 2399 aurum

223 2414 408 2452 retinet,
437 2423 614 2445 causam
640 2423 760 2445 suam
787 2414 854 2444 sic
879 2413 991 2454 agit:
1018 2411 1321 2444 Athenienses
1343 2437 1351 2444 .
1370 2440 1377 2447 .
1396 2412 1678 2453 ‚praedicem
1706 2416 1742 2443 et

223 2463 358 2490 cetera.
407 2459 509 2498 Quae
535 2461 660 2490 contra
685 2460 854 2489 naturam
872 2457 1033 2499 iurisque
1058 2457 1358 2489 consuetudinem
1384 2457 1504 2498 posita
1527 2460 1742 2498 argumenta

223 2502 375 2545 (⁹arguit
400 2506 451 2534 et’
478 2501 678 2544 Bentleius)
705 2505 826 2534 ‘notat
851 2502 1063 2542 Terentius,
1096 2501 1189 2543 quod
1220 2502 1284 2533 ille
1317 2502 1403 2533 ordo
1429 2502 1549 2543 potior
1579 2504 1675 2540 erat,
1701 2504 1741 2532 ut

223 2548 440 2580 adulescens
465 2549 564 2589 prlor
587 2550 808 2589 proponeret
834 2557 1000 2587 causam⁷
1028 2548 1087 2588 qui
1113 2547 1246 2588 petitor
1270 2546 1480 2578 inducitur.'
1507 2545 1562 2578 Of.
1590 2545 1740 2588 Θησαυ-

222 2590 287 2634 ρός
316 2593 587 2625 Anaxandridis
617 2591 811 2624 Archedici
842 2592 1002 2624 Cratetis
1039 2592 1212 2634 Dioxippi
1243 2591 1383 2634 Diphili
1413 2591 1621 2623 Menandri:
1657 2601 1739 2622 nam

224 2638 444 2670 Philemonis
475 2638 637 2669 fabulam
668 2637 823 2669 Plautus
856 2638 970 2668 uertit
1001 2637 1281 2668 in.Trin11m1no.
1346 2635 1583 2667 Menandrum
1615 2636 1740 2667 Luscii

224 2686 407 2715 auctorem
433 2683 548 2715 fuisse
572 2682 774 2725 probabilis
802 2685 856 2714 est
880 2682 1038 2713 uirorum
1063 2681 1247 2713 doctorum
1273 2681 1492 2713 coniectura.
