2023 3287
856 236 1091 272 ADDENDA
1578 233 1731 269 CXXIII

213 344 366 387 Lucilii
415 344 552 386 frusto
603 344 802 399 probare,
850 343 1025 386 Pacuvii
1070 345 1324 386 auctoritate
1369 344 1432 385 uti
1476 343 1635 398 potuit,
1685 344 1732 384 ut

213 416 354 471 ipsam
383 416 510 468 fando
536 414 720 457 formam
752 429 802 456 ex
834 415 1090 469 antiquitate
1121 416 1344 469 repeteret.

330 485 507 527 Minime
539 486 753 540 persuasit
784 485 994 541 Bergkius
1015 485 1167 527 Philol.
1198 484 1341 525 XXXI
1372 485 1456 526 249
1482 482 1732 526 Ciceronem

214 556 263 598 de
296 572 355 598 or.
385 556 439 598 Π.
470 557 577 610 46ῖ,
612 557 692 598 193
726 555 818 612 (ubi
851 556 1003 598 Teucri
1034 556 1084 597 fr.
1115 555 1198 596 XII
1228 553 1447 611 laudatur)
1486 555 1731 597 Telamonis

213 628 342 669 verba
365 628 578 681 pompalia
610 627 860 681 appellasse.

331 699 414 739 337
449 713 509 752 sq.
539 713 618 751 pro
650 712 727 739 sua
751 702 872 751 parte
906 699 1018 750 falsa
1048 698 1348 749 confictam,
1386 699 1570 737 canem&
1599 695 1731 751 Berg-

213 769 306 810 kius
345 769 498 810 Philol.
534 768 721 809 XXXHI,
760 769 862 821 296,
910 768 1016 809 haec
1061 768 1231 822 quidem
1274 781 1361 808 non
1398 767 1603 820 inprobili
1643 781 1731 807 sus-

212 840 396 894 picione,
433 840 478 880 in
515 854 563 881 eo
602 841 749 880 tamen
786 838 898 894 quod
928 842 1048 892 parte
1086 837 1293 892 defendit,
1332 853 1356 879 a
1388 852 1488 879 vera
1521 837 1733 879 sententia

213 910 428 951 aberrans.

330 981 415 1023 350
447 981 508 1022 sic
541 981 670 1022 scribi
701 980 851 1022 suadet
881 979 1045 1021 Keilius
1079 994 1337 1034 quamquam
1370 979 1632 1020 dubitanter:

553 1052 611 1093 ite
644 1053 759 1107 agite
792 1066 886 1093 eam
919 1050 1062 1092 vellite
1095 1051 1233 1105 rapite
1267 1066 1405 1105 coma,

214 1137 382 1164 versum
416 1125 558 1163 autem
591 1124 696 1164 352:

615 1194 839 1235 discindite
871 1195 1010 1235 vestes
1044 1193 1161 1234 ocius
1193 1207 1322 1245 nunc,

212 1265 428 1318 neutrum,
467 1264 502 1304 si
540 1265 641 1319 quid
679 1265 836 1317 sentio,
874 1266 921 1304 ut
960 1264 1063 1304 satis
1101 1262 1233 1304 faciat
1263 1263 1331 1303 vel
1364 1263 1516 1316 poetae
1548 1262 1615 1302 vel
1648 1276 1731 1302 me-

212 1335 385 1376 moriae.
440 1336 600 1377 evole-ite
630 1336 716 1377 iam
742 1335 924 1376 Bothius
958 1334 1209 1375 coniecerat.
1269 1333 1319 1373 In
1345 1332 1557 1373 Victorini
1590 1332 1731 1373 verbis

213 1405 306 1447 vide
318 1421 373 1447 an
383 1406 532 1447 ‘monebu
541 1407 574 1448 is
585 1408 754 1448 mutatio
766 1405 1075 1447 restituendum
1089 1404 1160 1445 sit:
1173 1405 1349 1445 nwonzwe'm'ws
1359 1403 1461 1444 nain
1470 1402 1591 1444 libris
1604 1404 1733 1444 extat.

330 1477 414 1518 396
446 1476 625 1518 Plenum
658 1478 949 1531 septenarium

493 1550 720 1602 postquam
752 1548 976 1589 calamitas
1008 1547 1229 1600 complains
1261 1561 1297 1587 a.
1330 1560 1367 1586 a.
1398 1559 1432 1586 c.

212 1617 423 1672 Bergkius
456 1618 482 1659 l.
513 1618 540 1659 l.
572 1619 657 1659 273
691 1619 1009 1673 redintegravit.

331 1689 415 1730 398
448 1703 508 1742 sq.
559 1688 825 1730 Offensiones
871 1704 1018 1730 omnes
1063 1688 1260 1741 effugias,
1306 1687 1341 1727 si
1380 1686 1589 1727 Varronis
1632 1700 1732 1725 usus

213 1762 376 1813 satura,
415 1759 533 1800 cuius
571 1759 713 1800 locum
752 1760 796 1800 in
829 1760 1105 1800 adnotatione
1143 1757 1332 1812 laudavi,
1374 1756 1591 1797 senarium
1621 1755 1733 1796 hunc

214 1830 298 1871 fere
332 1845 356 1871 a
387 1829 573 1871 Pacuvio
608 1831 815 1883 scriptum
848 1830 979 1870 fuisse
1013 1831 1196 1870 statuas:

456 1902 557 1952 [emz
590 1900 707 1952 reda]
742 1900 905 1942 volucri
938 1901 1070 1941 currit
1102 1915 1178 1940 axe
1211 1898 1478 1953 quadriiuga.

329 1970 467 2011 Praet.
505 1972 533 2011 4
571 1969 628 2025 (p.
667 1969 771 2026 280)
814 1973 911 2012 ante
956 1970 1264 2011 Buechelerum
1307 1970 1395 2010 iam
1432 1967 1733 2009 Fleckeisenus

213 2042 331 2082 misc.
363 2042 455 2083 crit.
487 2041 544 2082 42
575 2042 836 2083 restituerat.

335 2182 462 2237 Apud
493 2180 717 2225 ACCIVM
747 2197 786 2224 v.
821 2184 873 2225 10
894 2198 954 2237 sq.
988 2182 1270 2224 audacissime
1290 2180 1503 2236 Bergkius
1534 2180 1608 2222 ].1.
1629 2181 1733 2222 297:

777 2254 848 2306 qui
879 2254 1028 2295 classis
1060 2253 1231 2294 trahere
1263 2253 1309 2294 in
1341 2252 1479 2293 salum

496 2325 537 2363 et
569 2324 663 2364 vela
695 2327 921 2365 ventorum
954 2325 1122 2365 animae
1153 2324 1365 2365 oniniz‘aris
1395 2325 1503 2365 dare.

212 2410 347 2449 neque
386 2393 559 2435 omnino
598 2394 644 2434 in
679 2394 758 2435 tali
795 2409 990 2436 sermone
1029 2397 1122 2436 erat
1159 2410 1232 2436 cur
1269 2394 1549 2448 profectionis
1588 2394 1732 2447 imago

213 2468 303 2506 tam
335 2465 507 2518 copiose
539 2467 826 2506 exornaretma

330 2535 381 2576 In
418 2550 455 2576 v.
493 2535 549 2575 42
588 2550 676 2589 sqq.
718 2535 841 2576 valde
885 2536 1045 2578 infelici
1089 2536 1358 2577 coniecturae
1396 2534 1577 2576 indulsit
1612 2532 1733 2575 Aem.

214 2604 431 2646 Baehrens
462 2605 489 2646 l.
520 2605 547 2646 l.
580 2605 709 2646 scribi
741 2606 891 2647 iubens

777 2676 1027 2718 inimicitias
1058 2676 1311 2731 Pelopidum

496 2746 725 2800 extinctas,
758 2750 874 2788 tanta
906 2747 1178 2788 oblitteratas
1213 2747 1421 2788 memoria

495 2831 713 2858 renovare.

214 2885 327 2928 Nam
365 2890 479 2928 tanta
516 2888 709 2929 memoria
748 2888 842 2942 quis
883 2902 1085 2942 umquam
1118 2887 1225 2929 dixit
1256 2903 1334 2944 pro
1366 2890 1491 2930 tanta
1521 2888 1731 2944 temporis
