2023 3287
253 204 307 243 80
779 205 1027 238 GAECILIVS
1054 206 1253 239 srArivs

938 309 1082 350 XXXI

725 386 748 424 ό
782 385 924 426 tristes
957 386 1156 440 ineptias!

721 542 923 585 incolumi
958 546 1182 587 inscientia

854 620 1041 662 XXXIII
1074 621 1167 677 (28)

365 677 527 718 uallata
560 678 660 732 gula

852 737 1037 780 XXXIV
1071 738 1165 794 (32)

365 795 516 836 decora
549 794 663 836 domi

860 854 1024 898 XXXV
1056 856 1151 912 (11)

245 912 332 954 285
364 913 561 967 glabrum
593 916 735 967 tapete

844 972 1031 1016 XXXVI
1063 973 1159 1030 (17)

896 1090 1106 1134 XXXVII

358 1164 564 1207 Horatius
603 1181 637 1207 a.
670 1181 708 1220 p.
741 1167 825 1208 238
859 1165 963 1222 (163
995 1167 1064 1224 R.)
1103 1170 1165 1209 ‘ut
1208 1169 1315 1209 nihil
1353 1169 1523 1210 intersit
1560 1169 1764 1211 Dauusue

241 1243 442 1296 loquatur
486 1245 527 1283 et
573 1243 735 1284 audax
785 1243 1003 1298 Pythias
1049 1248 1281 1286 emuncto
1327 1246 1523 1286 lucrata
1564 1245 1767 1287 Simone

362 1030 593 1072 Leontium

1517 1323 1524 1329 ⁸
1544 1324 1553 1340 ²

241 1319 510 1373 talentum,
542 1319 613 1360 An
635 1323 778 1361 custos
799 1320 1068 1375 famulusque
1089 1322 1155 1362 dei
1177 1321 1344 1363 Silenus
1366 1323 1538 1364 alumnl.
1607 1321 1767 1364 Comm.

243 1394 367 1449 Cruq.
413 1396 456 1436 in
502 1396 526 1436 l.
571 1396 596 1437 l.
643 1396 871 1451 ‘Pythias
915 1412 1136 1451 persona
1181 1399 1371 1439 comica
1415 1399 1466 1439 in
1511 1400 1768 1440 comoedia

241 1526 381 1556 numeri
406 1525 564 1556 iambici.
623 1525 732 1556 Certe
759 1526 854 1568 apud
878 1526 1086 1558 Terentium
1113 1528 1142 1559 si
1175 1526 1431 1558 discrucior
1463 1528 1601 1559 animi
1627 1527 1768 1559 clausu-

240 1569 312 1600 lam
344 1570 553 1601 trochaicus
583 1580 708 1601 uersus
740 1571 947 1613 exciperet,
981 1582 1148 1604 numeros
1179 1572 1267 1603 ferri
1299 1582 1403 1614 posse
1432 1573 1510 1613 ipse
1536 1573 1768 1604 Hermannus

239 1615 338 1656 Epit.
365 1616 407 1647 70
431 1615 617 1656 concedit,
646 1614 831 1647 clausulas
848 1620 969 1648 autem
989 1620 1050 1648 aut
1077 1617 1273 1648 cohaerere
1299 1627 1379 1648 cum
1407 1616 1489 1648 aliis
1514 1618 1681 1649 uersibus
1705 1622 1768 1649 aut

240 1670 310 1691 non
343 1659 538 1692 cohaerere
569 1659 673 1691 docet
704 1660 851 1693 ibidem.
905 1662 1034 1703 Itaque
1066 1672 1136 1693 non
1169 1662 1274 1694 uideo
1309 1672 1372 1693 cur
1405 1662 1557 1694 eundem
1582 1673 1768 1694 numerum

241 1714 318 1736 cuin
337 1705 574 1746 sequentibus
592 1704 727 1737 habere
754 1705 930 1748 debeant,
959 1706 1052 1748 quod
1078 1707 1302 1748 praecipitur
1320 1706 1432 1738 Elem.
1461 1708 1535 1739 181.
1583 1706 1768 1748 [Ceterum

244 1750 305 1790 qui
330 1760 414 1781 uere
441 1751 561 1782 secuti
593 1750 728 1781 fuerint
753 1752 891 1783 numeri
920 1751 1014 1793 apud
1040 1751 1240 1783 Caecilium
1273 1762 1340 1783 nec
1367 1751 1451 1783 olim
1483 1754 1558 1783 tam
1583 1751 1768 1784 confidens

240 1795 294 1825 fui
312 1798 349 1825 ut
376 1793 603 1826 ¹idfirmarem
622 1805 738 1836 neque
758 1805 853 1828 nunc
880 1797 974 1828 scio:
1001 1796 1208 1829 trochaicos
1227 1800 1290 1828 aut
1312 1798 1468 1828 creticos
1486 1801 1635 1829 secutos
1652 1797 1767 1829 fuisse

240 1839 505 1872 Studemundus
539 1839 582 1871 de
617 1840 770 1872 canticis
795 1840 915 1873 Plaut.
948 1852 981 1883 p.
1010 1843 1048 1872 11
1080 1841 1149 1873 sibi
1174 1839 1384 1883 persuasit.]
1478 1841 1600 1874 XXXI
1625 1841 1768 1873 Seneca

239 1885 346 1925 epist.
374 1886 449 1924 113,
475 1886 517 1916 26
538 1879 644 1916 haec
671 1885 896 1927 disputamus
916 1886 1091 1918 adtractis
1118 1886 1338 1928 superciliis,
1367 1887 1486 1918 fronte
1512 1896 1657 1927 rugosa.
1694 1897 1766 1918 non

238 1939 385 1970 possum
410 1929 477 1961 hoc
501 1929 581 1961 loco
607 1929 726 1961 dicere
758 1930 848 1962 illud
875 1931 1146 1963 Caecilianum·
1178 1943 1198 1963 ο
1231 1931 1394 1963 tristes
1426 1931 1571 1972 inepti
1581 1932 1644 1962 ¹is!
1679 1931 1766 1962 ridi

240 1974 345 2005 culae
371 1969 479 2006 sunt?
520 1974 650 2014 (illud
677 1973 1007 2018 Caecilianum]
1034 1976 1151 2007 illud
1185 1975 1445 2008 Caeciliani
1470 1976 1550 2007 th.
1562 1986 1618 2018 εη
1651 1976 1767 2007 illud

240 2018 455 2050 Celanum
478 2019 562 2051 Vrb.
587 2018 700 2050 illud
723 2019 991 2052 Cicilianum
1012 2019 1160 2052 Ottob.0
1182 2020 1294 2052 illuc
1315 2020 1496 2051 Celiani
1518 2020 1634 2052 Palat.
1654 2020 1767 2052 illud

241 2063 453 2096 Caeliani
471 2063 554 2098 Par.
574 2066 602 2094 1.
620 2065 640 2095 4
659 2064 771 2096 illuc
797 2065 948 2097 celaui
966 2065 1086 2097 Ottob.
1104 2065 1153 2106 ς.)
1247 2065 1387 2097 XXXII
1412 2065 1550 2097 Fronto
1568 2067 1676 2107 epist.
1697 2066 1732 2097 II
1748 2067 1767 2097 6

240 2120 272 2150 p.
299 2111 338 2140 31
365 2108 458 2143 Nab
485 2110 545 2145 (54
570 2109 671 2140 Rom.
702 2109 745 2140 48
771 2106 922 2151 Nieb)
932 2111 1044 2151 igitur
1075 2120 1192 2152 paene
1226 2121 1280 2141 me
1310 2110 1451 2151 opicum
1478 2111 1700 2142 animantem
1723 2110 1768 2142 ad

239 2154 413 2186 Graecam
440 2154 656 2207 scripturam
688 2154 928 2195 perpulerunt
958 2155 1138 2197 homines,
1173 2158 1213 2186 ut
1238 2155 1420 2186 Caecilius
1448 2155 1516 2193 ait,
1550 2155 1767 2186 incolumi

238 2194 513 2230 inscientia.
608 2196 768 2230 XXXIII
784 2199 992 2232 Mzwciobius
1018 2180 1175 2232 s·1t.1’11
1197 2200 1306 2237 15(11
1326 2201 1394 2241 11),
1413 2201 1433 2231 9
1459 2200 1538 2231 ‘sed
1557 2201 1637 2241 quis
1655 2205 1768 2242 neget

237 2243 448 2275 indomitam
480 2243 576 2285 apud
609 2243 691 2276 illos
718 2247 769 2284 et,
802 2248 842 2276 ut
876 2245 929 2276 ait
954 2244 1157 2284 Caecilius,
1194 2244 1412 2276 uallatam
1438 2244 1583 2286 gulam
1618 2243 1765 2277 suisse?’

239 2288 432 2328 (caelius
457 2298 638 2330 suprascr.
666 2289 705 2319 ci
730 2289 853 2331 Angl.)
962 2289 1115 2321 XXXIV
1142 2269 1307 2321 Donatus
1332 2290 1369 2320 in
1387 2290 1469 2321 Ter.
1497 2299 1577 2321 eun.
1596 2290 1646 2321 IV
1674 2291 1705 2330 7,
1724 2291 1767 2322 45

238 2333 348 2364 ‘domi
368 2336 403 2364 et
421 2333 493 2364 foci
515 2333 679 2375 genetiui
696 2337 790 2368 sunt.
825 2333 1027 2368 Caecilius:
1054 2334 1215 2366 decora
1240 2334 1364 2366 (lomi.
1373 2337 1382 2353 ’
1478 2333 1613 2366 XXXV
1630 2335 1766 2366 Nonius

237 2379 314 2418 229,
333 2380 354 2409 4
373 2373 550 2420 ‘Qtapete
532 2379 674 2410 eveneris
693 2379 824 2411 neutii.
873 2379 1062 2421 Turpilius
1084 2383 1120 2411 et
1139 2379 1341 2411 Caecilius:
1368 2378 1570 2421 glabrum
1588 2373 1764 2420 tapete.⁹

327 2422 482 2455 XXXVI
513 2423 699 2455 Charisius
730 2423 747 2455 I
779 2435 810 2465 p.
836 2425 880 2456 80
904 2425 943 2456 Ρ.
978 2422 1036 2466 (58
1069 2423 1124 2466 L.)
1153 2418 1352 2456 Leontion
1368 2404 1419 2456 eet
1452 2423 1606 2456 Crusion
1636 2427 1670 2455 et
1698 2424 1772 2455 Pa·

237 2463 593 2509 nion'(C111ysion
620 2468 836 2510 Spengelius
862 2469 1102 2510 thyrusion
1128 2473 1171 2501 et
1197 2469 1385 2501 fannion
1410 2469 1525 2510 Neap.
1557 2468 1766 2500 thrusion

236 2518 271 2544 et
308 2524 347 2555 p
342 2523 505 2545 iunion
537 2516 711 2555 excerpta
744 2511 886 2565 Pan‘)
896 2525 938 2546 ex
976 2515 1117 2546 neutris
1158 2514 1287 2546 Graeci
1323 2513 1498 2545 feminina
1535 2507 1660 2545 nostri'
1698 2513 1765 2554 (sic

237 2558 382 2590 Keilius
407 2561 568 2590 ‘’neutra
589 2557 722 2600 Neap.)
747 2552 878 2590 fecere
898 2569 913 2587 *
941 2562 976 2590 et
992 2559 1144 2591 Plautus
1171 2558 1264 2601 quod
1289 2559 1382 2591 dixit
1406 2558 1498 2590 haec
1516 2558 1765 2597 Phronesium,

237 2602 470 2635 etCaecilius
487 2603 734 2635 Leontium.
740 2606 750 2622 ’
777 2602 913 2645 (haec
930 2604 1166 2636 Leontium
1186 2602 1622 2645 Fabricius)chrysion
1642 2583 1765 2635 fabula⁷

236 2648 470 2685 Cieciliana2
504 2643 649 2680 Φάνιον
682 2648 875 2680 Menandri
906 2649 1110 2686 comoedia,
1145 2649 1362 2680 Phanium
1394 2648 1432 2678 in
1462 2647 1625 2679 Terentii
1654 2648 1765 2679 Phoi-

237 2693 356 2724 mione
387 2703 421 2723 u.
456 2675 532 2725 201.
560 2694 625 2724 218
657 2693 802 2734 legitur.
897 2693 1070 2726 XXXVII
1097 2674 1152 2724 Cf.
1177 2696 1289 2726 Acro·
1321 2696 1407 2725 ‘non
1438 2691 1527 2723 dicit
1556 2691 1599 2723 de
1631 2693 1766 2733 Pythia

236 2737 475 2778 Terentiana,
502 2738 565 2770 sed
591 2748 683 2779 quae
710 2738 804 2779 apud
828 2738 1051 2771 Lucilium
1084 2737 1530 2780 comoediographum
1565 2736 1764 2768 inducitur’

237 2781 304 2820 (sic
330 2783 413 2814 Par.
433 2794 453 2824 γ
479 2782 706 2814 lucillium
732 2783 982 2824 satyricum
1013 2783 1245 2815 inducitur
1272 2782 1325 2817 ed.
1350 2783 1450 2814 Rom.
1480 2792 1511 2815 a.
1539 2782 1765 2813 14741uci-

236 2826 341 2857 lium
373 2827 607 2859 inducitur
639 2827 1099 2870 tragoediographum
1131 2828 1224 2867 rell.)
1251 2826 1404 2858 ‘ancilla
1429 2830 1494 2868 per
1526 2827 1682 2859 astutias
1708 2837 1766 2858 ac-

238 2873 361 2912 cipere
383 2876 573 2913 argentum
594 2882 614 2903 a
634 2873 789 2903 domiuo.
825 2882 907 2904 nam
927 2873 1064 2905 fefellit
1083 2873 1263 2905 dominum
1280 2876 1315 2904 et
1335 2873 1479 2913 accepit
1499 2872 1543 2902 ab
1564 2882 1605 2903 eo
1623 2873 1767 2914 argenti
