2023 3287
346 227 533 263 LXXXIV
933 226 1284 263 COROLLARIVM

465 338 519 377 34
553 353 613 392 sq.
658 335 862 378 Mulionis
895 352 915 377 e
954 352 1167 392 caupona,
1204 337 1248 379 ni
1281 338 1427 392 fallor,
1465 353 1589 379 mane
1632 339 1866 393 profecturi

347 410 581 463 apparatus
615 409 887 450 describitur:
922 408 1110 449 absdidit
1141 409 1219 450 sub
1240 412 1358 451 veste
1386 425 1537 451 zonam
1565 425 1660 451 eum
1688 411 1870 465 pecunia

347 479 430 520 sibi
464 479 751 533 commissam,
783 481 901 533 puto,
934 480 981 519 ut
1013 479 1087 519 alii
1119 480 1322 535 traderet3
1358 481 1427 521 sed
1462 496 1556 521 eam
1582 481 1647 521 vel
1676 496 1777 522 casu
1803 481 1870 522 vel

346 550 462 592 furto
495 550 732 604 perdidisse
760 550 943 607 videtur.

465 622 519 663 38
566 621 782 663 Ponticum
823 622 934 675 quod
980 621 1141 662 servari
1182 623 1291 663 velle
1332 622 1507 663 narravi
1547 622 1871 676 Buechelerum⁷

345 692 561 746 intellegit
597 692 800 733 nimirum
839 692 1103 747 genetivum,
1141 692 1422 735 Ponticorum
1455 693 1782 748 loquacitatem,
1820 694 1870 734 de

347 778 431 817 qua
462 766 608 803 tamen
639 763 846 804 traditum
878 763 940 804 nil
972 763 1152 817 reperio.

466 833 515 874 V.
548 834 604 874 42
648 834 694 874 in
726 834 870 875 codiee
904 832 1075 876 (jusano
1107 850 1146 888 p.
1183 835 1263 876 118
1300 837 1432 890 extat,
1467 836 1538 876 sed
1572 836 1690 876 nullo
1725 835 1870 876 addito

346 904 531 946 nomine.

465 975 520 1017 52
551 976 784 1017 vadimonio
816 975 947 1016 etiam
981 974 1255 1017 Schuetzium
1287 977 1332 1018 in
1365 977 1530 1031 ephem.
1565 991 1709 1032 gymn.
1730 976 1871 1018 Berol.

350 1047 459 1088 1867
493 1062 533 1100 p.
555 1048 637 1088 617
674 1046 906 1088 coniecisse
938 1047 1073 1089 video.

467 1118 518 1158 71
554 1117 686 1159 Plane
720 1118 874 1158 similis
907 1118 1264 1160 vestimentorum
1297 1119 1571 1160 muliebrium
1605 1118 1871 1160 enumeratio

347 1188 392 1229 in
423 1188 567 1229 Plauti
599 1188 782 1243 Epidico
803 1188 844 1229 Π
877 1189 915 1242 2,
938 1188 995 1229 45
1016 1204 1103 1243 sqq.
1136 1189 1307 1243 legitur7
1339 1190 1413 1230 ubi
1447 1193 1617 1244 praeter
1650 1189 1735 1230 alia
1767 1189 1871 1230 item

347 1273 583 1313 supparum
617 1257 683 1314 (ut
714 1260 759 1300 in
790 1262 938 1301 nostro
971 1276 1008 1301 v.
1031 1259 1116 1316 70),
1149 1261 1368 1301 crocotula
1402 1263 1443 1301 et
1474 1261 1563 1301 rica
1597 1262 1871 1301 memoratur.

344 1330 582 1381 Mollc‘eem,
621 1327 819 1384 μαλακὸν
853 1327 1027 1384 ἱμάτιον
1060 1331 1191 1371 etiam
1225 1332 1337 1385 apud
1368 1331 1619 1373 Labbaeum
1650 1331 1872 1385 reperitur,

344 1401 420 1442 ubi
458 1401 679 1451 wcolucina,
720 1403 768 1441 ut
804 1401 847 1442 in
881 1400 1013 1443 Nonii
1044 1401 1356 1456 Bambergensi
1397 1404 1531 1456 extat7
1572 1402 1871 1456 corrigendum

346 1486 438 1512 esse
460 1472 583 1513 docet
603 1471 764 1525 Papiae
785 1472 949 1527 glossa:
983 1471 1198 1513 ‘molocina-
1218 1473 1349 1513 vestis
1371 1488 1479 1527 quae
1501 1472 1614 1514 albo'
1636 1471 1871 1529 (malveo‘?)

347 1541 547 1583 ‘stamine
579 1543 639 1596 fit>
671 1558 800 1597 quam
828 1543 901 1583 alii
935 1543 1185 1584 malbellam
1222 1543 1394 1584 vocant’
1439 1545 1481 1584 et
1513 1542 1733 1584 tmalbella
1764 1557 1871 1597 quae

346 1627 395 1654 ex
416 1613 654 1654 malvarum
679 1614 863 1655 stamine
885 1614 1120 1668 conficitur,
1152 1629 1281 1668 quam
1308 1614 1383 1655 alii
1415 1614 1656 1655 molocinam
1687 1612 1871 1656 vocant?

343 1699 431 1726 non
468 1687 615 1725 tamen
653 1685 937 1726 dubitandum
969 1685 1139 1725 videtur
1172 1685 1274 1739 quin
1312 1685 1426 1725 idem
1465 1685 1522 1725 sit
1559 1685 1671 1740 quod
1703 1684 1871 1726 Aristo-

345 1756 510 1811 phanes
542 1756 588 1796 in
608 1755 1071 1810 Thesmophoriazusis
1106 1756 1252 1796 alteris
1287 1754 1354 1810 (fr.
1375 1754 1468 1811 VI),
1500 1756 1574 1796 ubi
1606 1757 1872 1808 γυναικείων

346 1824 618 1881 φορημάτων
656 1826 976 1867 multitudinem
1016 1829 1254 1880 enumerat,
1293 1827 1405 1880 apud
1443 1826 1662 1867 Pollucem
1699 1825 1784 1866 VII
1816 1825 1871 1866 96

345 1895 608 1951 μαλάκιον
653 1898 760 1938 dixit
798 1898 993 1952 quodque
1033 1898 1180 1939 eadem
1222 1897 1364 1938 forma
1400 1896 1646 1951 Hesychius
1689 1896 1874 1951 protulit

348 1968 493 2009 addita
530 1969 904 2023 interpretatione:
943 1975 1198 2021 γυναικεῖον
1235 1965 1499 2022 κοσμάριον,
1544 1967 1725 2008 Photius
1768 1981 1870 2008 vero

344 2039 390 2081 in
422 2039 558 2081 lexico
590 2040 734 2094 ipsum
767 2039 1106 2093 Aristophanem
1138 2039 1319 2080 laudans
1353 2039 1431 2080 sie:
1463 2035 1740 2092 μαλάχιον·
1773 2035 1870 2079 κόσ-

346 2126 426 2165 μος
463 2111 655 2165 χρυσοῦς
692 2117 958 2164 γυναικεῖος·
998 2107 1137 2158 οὕτως
1170 2105 1500 2164 Ἀριστοφάνης.
1554 2109 1642 2149 iam
1687 2123 1783 2149 eum
1826 2108 1871 2149 in

346 2181 495 2222 multis
528 2181 793 2236 Antiphanis
833 2181 986 2223 comici
1024 2181 1340 2235 exemplaribus
1383 2176 1607 2233 μολόχης
1638 2178 1762 2233 ῥίζαν
1793 2194 1870 2233 pro

346 2253 422 2294 illo
456 2249 651 2307 μαλάχης
684 2255 727 2293 et
759 2253 871 2307 apud
896 2251 1208 2307 Epieharmum
1240 2248 1483 2305 πραΰτερος
1514 2251 1648 2303 ἔγωγε
1680 2247 1872 2304 μολόχας

345 2323 434 2378 legi
465 2325 649 2364 testetur
680 2322 930 2364 Athenaeus
962 2322 1005 2364 Π
1037 2322 1091 2364 58
1114 2322 1139 2363 d
1172 2319 1241 2376 (of.
1267 2321 1456 2375 Hesych.
1490 2323 1532 2361 et
1562 2320 1743 2362 Photius
1776 2336 1806 2362 s.
1833 2336 1869 2362 v.

347 2391 560 2450 μαλάχη),
597 2408 651 2435 ne
682 2394 790 2434 illud
828 2394 1001 2448 quidem
1039 2393 1195 2434 mirum
1234 2393 1345 2447 quod
1378 2389 1589 2446 μολόχιον
1625 2406 1703 2445 pro
1735 2389 1871 2445 μαλά-

345 2481 443 2519 χιον
482 2464 658 2519 scripsit
696 2462 893 2505 Clemens
931 2464 1247 2506 Alexandrinus
1285 2463 1469 2518 Paedag.
1499 2462 1543 2504 ΙΙ
1584 2463 1633 2502 11
1674 2478 1713 2516 p.
1746 2463 1802 2503 90
1830 2461 1869 2504 S.

346 2533 450 2592 (272
471 2534 540 2592 Κ.)
585 2534 659 2576 ubi
699 2534 1007 2589 Aristophanis
1051 2535 1194 2576 locum
1238 2535 1448 2588 laudavit,
1489 2533 1680 2588 vulgaris
1726 2535 1869 2574 autem

345 2607 475 2648 medii
514 2606 608 2647 aevi
646 2620 787 2647 sermo
819 2608 867 2647 ut
899 2608 964 2647 est
1000 2606 1045 2647 in
1075 2605 1292 2660 Dueangii
1329 2604 1544 2660 glossario
1582 2601 1870 2657 μολούχιον

345 2677 590 2732 usurpavit,
630 2677 683 2718 ad
714 2677 828 2732 quod
864 2677 991 2732 plane
1029 2678 1225 2718 nostrum
1264 2676 1446 2731 quadrat
1485 2675 1714 2716 mollicium.
1776 2674 1868 2716 Mu-

345 2750 462 2789 tatae
503 2749 647 2789 autem
683 2747 729 2789 in
760 2747 918 2790 Latino
961 2762 1155 2789 sermone
1187 2747 1357 2802 vulgari
1387 2745 1550 2788 vocalis
1582 2759 1609 2786 α
1639 2746 1685 2786 in
1716 2759 1737 2787 O
1770 2748 1813 2786 et
1841 2759 1870 2786 ιι

348 2818 543 2872 exempla
576 2818 753 2873 collegit
786 2817 1122 2860 Schuchardtius
1155 2818 1205 2859 de
1237 2817 1473 2860 vocalismo
1505 2815 1525 2857 Ι
1561 2817 1644 2857 170
1677 2831 1764 2871 sqq.
1803 2815 1869 2858 III

348 2889 402 2930 86
436 2902 495 2942 sq.
559 2886 759 2929 Ceterum
798 2890 842 2930 in
874 2889 1031 2931 Naevii
1062 2888 1263 2943 Lycurgo
1301 2903 1338 2930 v.
1371 2888 1427 2929 4ss
1467 2903 1561 2928 eum
1598 2886 1730 2929 Nonii
1767 2887 1868 2928 libri
