2023 3287
291 249 374 289 800
812 248 1026 282 DECIMVS
1054 249 1294 282 LABERIVS

999 352 1107 393 XIII

408 429 572 471 Plinius
611 445 650 471 11.
689 430 730 471 11.
768 429 831 470 IX
874 430 945 483 17,
983 430 1037 470 28
1084 430 1253 483 ‘postea
1297 429 1644 483 praccipuam'
1684 427 1813 484 (inter

292 505 447 562 pisces)
482 506 860 547 ‘auctorit-atem
893 506 1052 546 fuisse
1090 506 1208 560 lupo
1241 508 1288 546 et
1327 506 1502 545 asellis
1535 504 1679 560 Nepos
1712 505 1813 547 Cor-

290 584 428 623 nelius
461 585 503 623 et
534 582 740 623 Laberius
778 585 905 637 poeta
943 583 1169 624 mimorum
1206 582 1426 623 tradidere.
1489 583 1686 636 luporum
1724 583 1811 623 lau-

292 659 499 700 datissimi
533 660 604 713 qui
637 660 908 713 appellantur
939 659 1075 700 lanati
1108 674 1132 700 a
1158 659 1340 700 candore
1367 659 1629 713 mollitiaque
1663 659 1814 700 carnis.

292 737 519 777 asellorum
564 736 646 777 (1110
694 749 869 789 genera,
914 736 1062 790 collyri
1106 736 1291 776 minores
1338 738 1380 776 e't
1422 736 1572 777 bacchi
1600 736 1689 790 ,qui
1726 750 1814 776 non

292 813 374 853 nisi
406 813 451 853 in
483 813 570 853 alto
604 812 847 867 capiuntur,
878 812 972 854 ideo
1004 812 1184 866 praelati
1216 812 1446 866 prioribus3
1478 815 1522 853 at
1551 813 1595 853 in
1627 813 1738 867 lupis
1770 812 1815 853 in

293 904 417 930 amne
450 890 564 944 capti
596 889 924 943 praeferuntur.²

953 947 1057 989 XIV
1091 946 1155 1002 (5)

769 1026 911 1080 aliqua
943 1027 1062 1079 parte
1096 1025 1310 1065 euiilserat

947 1101 1029 1143 XV
1063 1099 1159 1157 (12)

703 1178 861 1220 coicior
892 1179 937 1220 in
968 1178 1217 1231 fullonicam

931 1255 1063 1297 XVIa
1086 1253 1180 1310 (12)

412 1333 521 1381 Quid
553 1334 786 1388 properas?
819 1332 968 1387 ecquid
1001 1332 1237 1386 praecurris
1271 1331 1567 1373 Calidoiiiam?

990 1407 1120 1450 XVIb

411 1487 602 1527 Mae'reo:
635 1502 754 1528 mens
787 1484 1036 1540 incorrupta
1068 1485 1279 1527 miscriter
1311 1485 1606 1540 corrumpitur.

888 1569 1015 1611 XVII
1049 1567 1106 1624 (1.
1143 1568 1215 1624 12)

297 1647 379 1687 150
412 1647 799 1688 mendicimonium.
856 1645 1227 1687 moechimonium.
1278 1645 1498 1687 adulterio.
1557 1646 1818 1687 adulteritas.

296 1724 580 1777 depudicauit.
631 1723 862 1764 abluuium.
914 1723 1112 1764 elutriare
1144 1722 1288 1763 lintea.
1337 1723 1599 1763 lauandaria.

293 1855 330 1885 in
356 1854 484 1893 Italia,
520 1853 614 1894 quod
641 1864 683 1885 eo
714 1854 778 1884 bos
803 1853 980 1885 intestina
1012 1852 1163 1884 uulnere
1189 1853 1337 1883 trahens
1369 1852 1569 1886 aduenerit.
1620 1853 1818 1885 Laberius:

293 1899 399 1930 labit’
434 1910 463 1930 e.
499 1910 530 1940 q,
564 1910 590 1930 s.
730 1899 813 1929 XIV
838 1897 1035 1930 Diomedes
1071 1909 1105 1939 p.
1137 1899 1202 1929 369
1234 1897 1272 1929 P.
1305 1897 1419 1928 ‘uello
1450 1897 1560 1929 uellis
1592 1898 1727 1937 uulsi⁷
1755 1898 1819 1929 sed

293 1944 423 1975 melius
449 1944 534 1975 uelli
562 1971 568 1978 ,
595 1969 600 1974 .
630 1969 635 1974 .
666 1944 845 1975 Laberius
871 1944 996 1984 aliqua
1030 1946 1135 1984 parte
1162 1944 1211 1983 p.’
1260 1941 1486 1983 (lauerius
1511 1944 1594 1974 Par.
1620 1943 1649 1973 A
1674 1943 1818 1974 Monac.

295 1989 526 2030 plauerius
558 1990 639 2020 Par.
667 1989 706 2020 Β.
757 1988 942 2027 Quaedam
978 1992 1061 2018 ante
1090 1987 1237 2018 Laberii
1264 1987 1463 2028 exemplum
1493 1987 1670 2019 excidisse
1703 1988 1819 2028 suspi-

295 2038 397 2065 catur
422 2033 580 2073 Keilius)
742 2033 807 2064 XV
833 2043 884 2073 sq.
912 2032 1051 2064 Gellius
1077 2031 1160 2063 XVI
1186 2034 1223 2072 7,
1259 2035 1278 2064 5
1312 2032 1363 2063 cis
1395 2042 1487 2072 quae
1522 2032 1567 2063 ad
1594 2032 1696 2064 XVII
1722 2036 1818 2063 tran-

295 2079 505 2119 scripsimus
541 2079 635 2109 haec
666 2078 842 2109 subiecit:
882 2081 935 2108 ‘et
967 2077 1137 2109 coicior
1168 2077 1288 2117 inquit
1322 2078 1363 2107 111
1397 2077 1421 2107 f.
1455 2080 1490 2108 et
1523 2075 1683 2119 [XVI³].’

294 2123 376 2155 XVI
389 2122 401 2143 ¹·
428 2124 565 2154 Nonius
591 2125 672 2164 517,
696 2125 710 2153 1
739 2123 986 2153 ‘miser-iter
1011 2133 1074 2163 pro
1100 2122 1240 2155 misere.
1288 2122 1465 2153 Laberius
1492 2125 1656 2154 niereo’
1684 2133 1714 2153 e.
1738 2132 1770 2163 q.
1791 2132 1818 2153 s.

295 2167 455 2209 (mareo
483 2167 581 2199 Leid.
611 2179 651 2201 111,
681 2170 708 2206 l⁷
734 2168 858 2202 Bamb.
886 2168 1032 2198 Marco
1059 2178 1121 2208 pro
1150 2166 1256 2198 titulo
1284 2166 1430 2198 fabulae
1457 2166 1509 2198 ed.
1537 2167 1648 2207 princ.
1677 2167 1820 2198 eadem-

295 2224 365 2254 que
407 2213 577 2254 opinione
619 2213 719 2243 ducti
759 2213 889 2243 ceteri:
927 2213 1073 2243 Macco
1110 2212 1288 2243 Bentinus
1321 2212 1461 2243 Nereo
1495 2212 1645 2243 Bothius
1678 2213 1820 2243 Mario

294 2259 353 2289 uel
387 2259 585 2289 Morione
618 2258 696 2299 ipse
729 2258 886 2297 conieci,
914 2267 1132 2298 quamquam
1159 2257 1382 2295 dubitantem
1414 2267 1591 2288 maereo
1618 2258 1654 2287 in
1687 2260 1819 2298 poetae

294 2307 432 2334 textum
457 2303 580 2334 intulit
606 2302 876 2343 Quiclieratius.
926 2302 1159 2333 XVoelfflinus
1192 2303 1227 2332 in
1256 2302 1410 2333 Publilio
1436 2312 1469 2342 p.
1498 2303 1515 2333 7
1550 2303 1634 2332 noui
1660 2302 1709 2332 nil
1737 2312 1821 2333 con-

295 2348 407 2387 tulit.)
502 2347 605 2379 XVII
632 2347 771 2379 Gellius
798 2347 880 2378 XVI
906 2349 937 2386 7,
969 2350 982 2378 1
1011 2348 1205 2378 ‘Laberius
1232 2347 1269 2378 in
1295 2346 1429 2384 mimis,
1462 2357 1549 2387 quos
1581 2347 1819 2388 seriptitauit,

295 2393 427 2434 oppido
454 2403 560 2434 quam
578 2393 691 2424 uerba
711 2392 814 2423 finxit
840 2392 1094 2433 praelicenter.
1143 2392 1233 2423 Nam
1255 2396 1290 2422 et
1317 2392 1701 2423 mendicimouium
1730 2391 1820 2422 dicit

295 2443 329 2469 et
355 2437 719 2469 moechimonium
747 2441 783 2468 et
808 2437 1145 2468 adulteriouem
1172 2437 1599 2477 adulteritatemque
1625 2447 1689 2478 pro
1716 2435 1820 2467 adul-

299 2484 409 2522 terio,
437 2488 473 2514 et
505 2483 800 2523 depudicauit
831 2493 894 2523 pro
921 2482 1103 2523 stuprauit
1129 2485 1165 2513 et
1197 2482 1424 2514 Ι«11111111111111
1451 2492 1514 2522 pro
1541 2481 1676 2512 diluuio
1701 2506 1708 2512 .
1729 2505 1736 2512 .
1758 2506 1764 2512 .
1785 2485 1821 2512 et

297 2528 516 2560 elutriare
543 2527 691 2559 lintea
717 2531 753 2559 et
778 2528 1053 2558 lauandaria
1080 2527 1186 2566 dicit,
1213 2537 1302 2567 quae
1321 2527 1365 2558 ad
1390 2526 1586 2558 lauandum
1607 2527 1680 2557 sint
1706 2526 1819 2557 data.²

296 2635 456 2671 caeditur
487 2637 609 2670 ceteri
642 2636 732 2670 libri
847 2633 924 2670 146
958 2632 1073 2681 aliqua
1106 2640 1205 2681 parte
1235 2636 1480 2681 gyrammatieo
1502 2635 1653 2678 reliquit
1674 2633 1823 2668 Keilius

372 2691 552 2726 euulserat
573 2692 836 2727 Buecheler-us
856 2690 1063 2738 peuulserat
1080 2702 1181 2726 corr.
1207 2690 1388 2738 puiilserat
1405 2690 1555 2725 Monac.
1576 2689 1822 2736 praeuulserat

298 2773 421 2805 ceteri
565 2769 642 2805 148
681 2768 809 2816 ecquid
841 2770 976 2804 Petale.
1017 2749 1098 2817 δεξιά
1133 2770 1255 2805 Germ.
1296 2768 1380 2816 quid
1424 2769 1523 2804 Voss.
1563 2767 1688 2802 Paris.
1727 2768 1821 2803 leu.

299 2848 414 2894 Massl.
447 2849 562 2895 Lugsd.
590 2848 679 2895 Rea.
797 2828 937 2896 {curris
959 2849 1075 2896 Luqd.
1189 2847 1408 2883 Calidoniam
1440 2847 1592 2892 scripsi,
1625 2847 1706 2883 scil.
1731 2846 1820 2881 Ata-

299 2906 443 2942 lantam
476 2904 634 2939 camonia
664 2905 752 2939 libri
