2023 3287
711 235 966 268 CAECILIVS
992 235 1190 268 STATn‘s
1659 235 1714 275 65

858 337 919 380 IX
953 337 1050 395 (11)

341 415 528 470 Edep6l,
561 417 774 469 senectus,
806 413 846 455 εἰ
875 416 934 456 1111
968 417 1193 470 quicquam
1227 417 1340 457 aliud
1375 417 1449 457 uiti

344 491 557 546 Adpurtes
589 494 748 545 tecum,
780 506 876 532 cum
909 493 1103 548 aduenis,
1135 508 1267 534 unum
1302 492 1341 533 sd
1376 496 1442 534 sat
1473 496 1548 547 est,

226 568 306 609 175
339 568 460 617 Quod
497 568 566 608 diu
599 567 784 609 uiuendo
818 569 953 609 multa
985 583 1092 622 quae
1125 583 1213 610 non
1246 570 1336 610 u6lt
1370 570 1495 610 uidet.

887 644 926 685 X
960 642 1026 700 (6)

336 719 483 762 Potire
517 720 629 774 quod
662 720 785 775 dant,
818 721 988 775 quando
1023 724 1171 775 optata
1202 722 1290 763 n6n
1323 722 1501 763 danunt.

852 796 915 839 XI
948 796 1044 853 (11)

336 873 469 915 Viuais
503 877 550 914 ut
581 874 738 928 possis,
770 873 940 927 quando
974 889 1051 915 nec
1084 875 1177 928 quis
1209 877 1257 916 iit
1289 876 1406 916 uelis.

840 950 924 991 XII
958 948 1054 1005 (15)

191 1027 320 1076 178s9
335 1026 419 1068 Abi
452 1025 566 1068 intro
608 1029 734 1081 atque
773 1027 904 1069 istaec
943 1028 1080 1083 aufer,
1117 1028 1151 1069 si
1189 1030 1333 1070 tamen
1372 1028 1497 1070 h6die
1540 1029 1718 1070 extollat

1220 1106 1403 1160 nuptias.

189 1221 243 1253 Ad
283 1221 407 1252 horum
442 1223 563 1252 autem
603 1221 850 1254 sinceritatem
887 1223 1153 1264 ueritatemque
1190 1223 1380 1254 uerborum
1419 1233 1465 1254 an
1499 1223 1723 1264 aspirauerit

194 1265 378 1297 Caecilius
423 1265 702 1297 consideremus.
766 1267 901 1298 Versus
937 1271 1019 1297 sunt
1056 1267 1093 1298 hi
1131 1267 1271 1298 Caecili
1309 1271 1438 1298 trunca
1469 1268 1646 1308 quaedam
1678 1279 1721 1299 ex

192 1311 392 1342 Menandro
423 1310 577 1341 dicentis
613 1314 647 1341 et
680 1312 944 1342 consarcientis
971 1311 1084 1343 uerba
1115 1313 1248 1353 tragici
1273 1314 1443 1344 tumoris:
1477 1312 1513 1343 is
1540 1313 1718 1344 demum’

193 1366 222 1387 e.
250 1367 282 1396 q,
309 1366 334 1389 s,
386 1356 548 1396 ‘Itaque,
576 1359 616 1386 ut
641 1365 749 1397 Supra
774 1356 864 1395 dixi,
891 1366 969 1387 cum
994 1357 1087 1388 haec
1107 1356 1248 1388 Caecili
1275 1367 1436 1388 seorsum
1463 1357 1556 1398 lego,
1582 1368 1626 1389 ne
1651 1359 1721 1388 uti—

196 1411 301 1441 quam
328 1400 500 1431 uidentur
525 1401 673 1439 ingrata
698 1401 923 1442 ignauaque:
958 1411 1034 1433 cum
1062 1401 1182 1433 autem
1208 1401 1350 1433 Graeca
1383 1413 1551 1443 voniparo
1578 1406 1614 1434 et
1642 1413 1721 1434 con—

190 1445 319 1483 tendo,
348 1455 418 1476 non
444 1448 530 1486 puto
558 1445 763 1477 Caecilium
791 1446 893 1487 sequi
918 1445 1086 1478 debuisse
1114 1447 1207 1487 quod
1239 1448 1384 1488 assequi
1417 1448 1612 1488 nequiretst
1653 1448 1722 1479 No-

191 1492 272 1521 nius
298 1491 377 1530 304,
403 1490 445 1521 28
470 1490 633 1522 ‘factio
659 1491 787 1521 iterum
807 1490 989 1533 signifieat
1010 1491 1251 1533 opulentiam,
1279 1492 1538 1523 abundantiam
1560 1496 1596 1523 et
1620 1493 1720 1524 nobi—

188 1534 441 1567 litatem...
474 1534 707 1566 Caecilius
739 1535 1059 1567 Filiuminalta
1096 1547 1239 1568 eorum
1273 1537 1427 1568 famam
1461 1537 1723 1569 occultabat

190 1579 372 1610 factio.’
422 1578 480 1613 Cf.
506 1579 661 1610 Philum.
687 1580 734 1612 11.
781 1581 909 1612 Facile
935 1581 1002 1612 tibi
1027 1581 1248 1623 persuadeas
1280 1582 1458 1613 excidisse
1484 1582 1721 1614 Philumenae

190 1625 307 1655 locum
336 1627 373 1655 et
397 1634 538 1655 uersum
568 1626 629 1656 172
656 1625 692 1656 in
718 1625 774 1656 his
799 1624 936 1664 latere;
963 1629 1088 1658 contra
1111 1627 1226 1658 sentit
1253 1626 1453 1658 Grauertus
1472 1627 1576 1660 Aual.
1604 1629 1667 1659 110

189 1669 238 1701 Ix
267 1668 397 1700 Cicero
424 1669 577 1701 Catonis
602 1670 684 1701 mai.
704 1670 736 1709 8,
755 1670 797 1701 25
824 1670 970 1702 ‘melius
996 1670 1232 1703 Caecilius
1257 1670 1301 1703 de
1328 1682 1414 1704 sene
1441 1671 1550 1703 alteri
1574 1671 1720 1704 saeculo

1548 1722 1653 1739 Ε’ΠΠΙΙ

190 1747 434 1788 prospiciente
455 1757 561 1787 quam
585 1747 697 1778 illud
723 1747 848 1779 idem'
877 1747 1006 1787 (illud
1034 1749 1158 1780 ennii
1183 1749 1297 1781 idem
1322 1749 1425 1780 Leid.
1451 1749 1563 1781 illud
1589 1750 1719 1789 idem,

191 1793 312 1823 ennii
332 1803 374 1824 m.
394 1791 455 1823 alt.
475 1792 538 1823 sed
558 1792 709 1833 antiqua
727 1802 921 1833 suprascr„
948 1793 1101 1834 Paris.):
1129 1794 1330 1835 ‘edepol’
1359 1806 1389 1826 c.
1410 1805 1440 1836 q.
1461 1806 1487 1828 S.
1538 1797 1589 1826 ‘ct
1608 1795 1721 1827 multa

191 1837 348 1868 fortasse
383 1846 475 1877 quae
508 1837 598 1867 uolt!
634 1840 744 1878 atque
772 1838 810 1868 in
837 1848 880 1869 ea
907 1838 1068 1879 quidem,
1101 1848 1194 1879 quae
1226 1849 1298 1870 non
1330 1839 1425 1880 uolt,
1464 1850 1573 1881 saepe
1609 1841 1718 1871 etiam

190 1880 443 1912 adulescentia
468 1881 629 1913 incurrit.
676 1881 767 1913 illud
793 1892 881 1914 uero
906 1883 1001 1913 idem
1030 1883 1216 1915 Caecilius
1241 1884 1413 1915 uitiosius
1441 1882 1498 1925 [28
1525 1883 1612 1927 sq.]’
1651 1885 1718 1917 No-

189 1927 269 1957 nius
295 1926 371 1964 247,
399 1927 418 1956 2
444 1926 696 1966 ‘aduenit-e,
721 1927 860 1959 uenire.
910 1927 1095 1960 Caecilius
1120 1928 1157 1959 in
1182 1928 1308 1960 Plocio
1334 1928 1425 1970 [173.
1452 1928 1560 1971 174].’

188 1971 220 2001 X
244 1971 382 2002 Nonius
407 1971 462 2011 97,
491 1972 531 2001 14
557 1971 757 2008 ‘danunt‚
785 1971 926 2006 dant..
947 1999 953 2005 .
975 1976 998 2004 ‚⁷
1093 1973 1144 2004 XI
1170 1974 1335 2005 Donatus
1360 1975 1396 2005 in
1423 1975 1505 2006 Ter.
1533 1974 1642 2005 Andr,
1670 1974 1720 2006 IV

188 2016 219 2056 ὃ,
248 2017 289 2047 10
326 2015 493 2056 ‘quando
525 2019 564 2046 ut
593 2016 777 2057 uolumus,
810 2027 881 2048 11011
912 2015 1016 2060 licet]
1137 2018 1324 2050 Caecilius
1358 2020 1390 2049 iu
1423 2018 1564 2050 Plocio:
1599 2021 1718 2051 uiuas’

189 2071 221 2093 e.
249 2070 283 2101 q.
311 2071 337 2092 s.
432 2060 503 2092 XII
530 2061 667 2093 Nonius
692 2062 769 2102 297,
795 2062 838 2093 28
865 2062 1123 2103 “extollere,
1156 2063 1314 2095 differre.
1362 2063 1546 2095 Caecilius
1573 2065 1717 2097 Plocio:

191 2168 299 2201 ciclus
337 2167 444 2211 apud
474 2167 634 2202 Nonium
665 2168 768 2213 304,
801 2167 852 2205 28
892 2170 1044 2205 uidetur
1073 2171 1215 2214 latere,
1257 2171 1321 2206 ubi
1358 2171 1403 2206 ita
1436 2182 1559 2206 eurum
1592 2172 1717 2207 samam

190 2220 390 2256 occultabat
413 2222 530 2258 factm.
576 2224 663 2258 Vide
694 2234 826 2270 supra.
878 2221 944 2274 ita]
977 2225 1044 2261 alta
1067 2231 1156 2261 ante
1176 2225 1395 2262 Mei-cerum
1427 2227 1532 2262 altam
1557 2228 1720 2263 Bolliius

189 2277 256 2312 lata
291 2278 431 2313 lunius
466 2279 514 2313 ita
546 2278 762 2316 Grauertzcs
801 2281 912 2316 Anal.
946 2281 1026 2318 110
1144 2282 1221 2318 173
1260 2282 1308 2318 nil
1346 2282 1599 2323 Hermannus
1629 2284 1718 2319 nihil

189 2334 278 2368 libri
391 2334 578 2380 quiequam
618 2347 685 2370 om.
726 2335 892 2372 Inderst.
1011 2338 1088 2373 uitii
1128 2338 1221 2374 Par.
1256 2338 1394 2374 Salisb.
1435 2339 1580 2375 Benecl.
1622 2340 1715 2376 Gucl.

191 2390 270 2424 uieii
302 2389 501 2436 Rlzenauy.
535 2390 631 2426 Giss.
664 2391 829 2428 luderet.
864 2393 951 2439 Erf.
1069 2395 1096 2428 si
1130 2394 1177 2429 nil
1211 2395 1396 2442 quicquam
1420 2395 1515 2429 aliud
1538 2392 1621 2444 uiti]
1647 2396 1717 2430 utsi

191 2444 276 2479 nihil
317 2445 409 2479 aliud
442 2446 590 2482 Nonius
735 2447 813 2483 174
853 2448 1021 2497 adportes
1061 2449 1261 2497 Bleeuazcy.
1304 2450 1395 2486 Par.
1434 2452 1579 2487 Benetl.
1622 2452 1716 2487 Gml.

190 2501 354 2536 Indersc.
393 2507 560 2548 apportes
599 2504 730 2550 aalys),
772 2504 918 2540 Nonius
1043 2506 1231 2541 adueneris
1272 2506 1362 2553 Erf.
1402 2519 1447 2542 m.
1493 2506 1515 2541 2
1632 2509 1717 2542 satis

191 2562 244 2591 est
285 2557 427 2592 Benecl.
462 2558 558 2593 Gz'ss.
678 2559 755 2595 175
787 2559 885 2607 quod
916 2556 991 2609 diu]
1024 2561 1083 2596 diu
1116 2563 1197 2609 quis
1228 2563 1427 2598 Manutius
1516 2563 1593 2598 uolt
1624 2564 1717 2600 Par.

192 2612 327 2650 Salisb.
358 2613 524 2649 Imlerse.
561 2613 638 2649 uult
669 2617 781 2662 uzclyo
901 2616 977 2652 176
1007 2619 1123 2664 potire
1153 2620 1419 2663 imperaliumn
1448 2621 1562 2664 posui
1583 2621 1717 2666 patiere

188 2669 277 2703 libri
296 2670 433 2715 potiere
457 2670 618 2705 Bantius
639 2670 661 2706 2
778 2671 899 2718 patere
931 2672 1026 2719 quod
1059 2673 1092 2708 di
1116 2673 1200 2709 daut
1225 2674 1382 2709 Rotlmcs
1407 2674 1426 2709 1
1460 2681 1586 2721 potere
1619 2677 1714 2722 quod

191 2723 225 2758 di
256 2724 339 2759 dant
361 2727 445 2760 olim
466 2728 629 2771 conieci,
662 2728 728 2762 sed
757 2727 791 2762 di
823 2730 860 2763 in
893 2729 1158 2773 superioribus
1185 2735 1344 2775 possum
1366 2733 1564 2766 memorali
1589 2731 1716 2777 fuisse

304 2780 380 2816 177
414 2792 478 2816 uec
518 2783 595 2828 quis
635 2785 792 2829 scripsi.-
834 2783 887 2829 ‘'f-
928 2785 1038 2819 Accii
1074 2797 1110 2820 u.
1153 2785 1233 2821 620
1273 2791 1307 2821 el
1347 2788 1479 2821 cornil.
1521 2788 1581 2822 ad.
1617 2793 1713 2835 [ray.

190 2848 227 2880 p.
261 2835 328 2871 Lxl
361 2838 486 2884 nequis
525 2839 614 2873 libri
650 2840 775 2886 nequit
813 2841 867 2875 ecl.
901 2840 1015 2886 Med„
1053 2842 1150 2876 unde
1188 2843 1357 2889 nequitur
1389 2841 1614 2889 Spenyelms
1646 2855 1716 2879 11011

193 2893 270 2937 quis
302 2892 507 2929 Fabricius
628 2894 702 2931 178
734 2896 842 2931 istaec
881 2896 1007 2932 Urbin.
1041 2897 1119 2933 308
1152 2899 1218 2932 ista
1250 2898 1335 2934 haec
1368 2901 1489 2934 ceteri
1515 2900 1604 2935 libri

259 2961 332 2984 Com.
353 2960 425 2984 LAT.
446 2961 518 2985 Emi.
1425 2964 1444 2994 5
