2023 3287
253 185 346 231 395*
568 188 910 223 ANONYMORVM
938 188 1166 222 MIMORVM
1194 188 1457 230 RELIQVIAE

995 293 1035 334 X

256 373 278 413 7
372 371 585 426 Vopiscus
619 369 840 412 Aureliani
872 384 905 411 c.
937 369 993 410 42
1027 371 1090 410 ‘ut
1120 369 1228 411 bene
1261 370 1419 411 dictum
1453 370 1508 411 sit
1541 385 1565 411 a
1597 371 1780 425 quodam

254 448 422 489 mimico
451 462 597 489 scurra
618 447 783 489 Claudii
802 446 929 487 huius
949 446 1230 500 temporibus,
1257 447 1309 488 in
1328 462 1427 488 uno
1449 447 1600 489 anulo
1620 447 1780 489 bonos

253 525 517 579 principes
550 523 983 579 posse'perscribi
1017 525 1167 577 atque
1201 523 1437 578 depingi.7

986 599 1050 640 XI

254 679 279 720 8
371 678 505 719 Iulius
544 678 812 732 Capitolinus
850 677 900 718 de
945 677 1035 718 uita
1072 676 1132 718 M.
1170 677 1383 719 Antonini
1420 678 1475 718 29
1515 677 1704 718 ‘crimini
1743 677 1780 718 ei

254 756 397 796 datum
441 758 505 796 est
544 755 657 809 quod
695 755 910 795 adulteros
957 754 1099 795 uxoris
1146 755 1409 808 promouerit
1458 754 1696 795 Tertullum
1740 755 1783 794 et

253 832 436 874 Vtilium
469 834 511 873 et
543 831 771 886 Orphitum
810 833 851 872 et
882 830 1151 872 Moderatum
1189 831 1242 872 ad
1278 831 1421 872 uarios
1452 831 1657 885 honores,
1688 844 1797 887 cum&

255 909 491 950 Tertullum
524 911 566 950 et
597 908 879 962 prandentem
913 922 1008 948 cum
1039 922 1169 948 uxore
1208 907 1548 961 deprehenderit.
1610 907 1660 947 de
1700 921 1783 960 quo

255 987 409 1027 mimus
453 986 499 1026 in
543 1000 697 1027 scaena
740 986 963 1039 praesente
1010 984 1232 1040 Antonino
1278 983 1398 1024 dixit:
1448 998 1544 1025 cum
1588 983 1784 1038 stupidus

255 1078 413 1104 nomen
452 1062 634 1104 adulteri
673 1061 816 1103 uxoris
856 1076 881 1101 a
913 1075 1035 1102 seruo
1076 1062 1299 1114 quaereret
1337 1063 1380 1101 et
1415 1061 1486 1102 ille
1525 1060 1684 1101 diceret
1719 1061 1785 1100 ter

255 1139 436 1180 Tullus
468 1142 511 1180 et
542 1139 679 1180 adhuc
701 1138 895 1193 stupidus
928 1140 1167 1192 quaereret,
1198 1137 1420 1191 respondit
1438 1137 1527 1178 ille:
1559 1137 1656 1178 iam
1686 1136 1785 1178 tibi

256 1216 378 1272 dixi,
408 1219 485 1257 ter
517 1216 694 1258 Tullus
727 1215 943 1256 dicitur?

975 1273 1061 1314 XII

379 1344 501 1403 [Vos]
536 1345 616 1388 ussi
648 1346 779 1388 uultis
813 1347 950 1386 emere
984 1347 1026 1386 et
1057 1359 1154 1386 caro
1187 1344 1382 1386 ue'ndere.

960 1421 1069 1462 XIII

374 1500 508 1542 Iulius
541 1499 809 1555 Capitolinus
848 1499 898 1540 de
935 1497 1181 1540 Maximinis
1221 1497 1385 1539 duobus
1423 1511 1456 1538 c.
1494 1497 1520 1538 9
1560 1498 1672 1538 ‘cum
1709 1497 1784 1538 im-

257 1579 482 1620 mortalem
515 1592 558 1619 se
589 1592 722 1632 prope
755 1576 944 1618 crederet
976 1576 1029 1617 ob
1062 1575 1405 1630 magnitudinem
1432 1574 1622 1628 corporis
1653 1574 1785 1615 uirtu-

255 1656 414 1710 tisque,
445 1655 601 1696 mimus
633 1654 806 1709 quidam
837 1653 882 1694 in
913 1653 1082 1694 theatro
1114 1653 1338 1707 praesente
1375 1651 1450 1693 illo
1491 1651 1645 1692 dicitur
1675 1665 1785 1692 uer-

258 1747 340 1774 sus
379 1732 597 1774 Graecos
642 1731 815 1785 dixisse,
859 1744 1040 1784 quorum
1076 1729 1182 1770 haec
1225 1731 1316 1770 erat
1353 1727 1509 1769 Latina
1556 1727 1786 1770 sententia:

258 1813 306 1851 et
338 1810 422 1865 qui
459 1809 518 1850 ab
556 1823 654 1850 uno
692 1822 794 1849 non
830 1809 1003 1862 potest
1034 1806 1220 1861 occidi,
1259 1820 1283 1847 a
1313 1805 1490 1846 multis
1523 1804 1785 1846 occiditur.

259 1887 502 1942 elephans
541 1885 750 1941 grandis
789 1886 866 1926 est
909 1886 958 1925 et
996 1883 1268 1937 occiditur,
1310 1883 1388 1924 leo
1426 1881 1581 1923 fortis
1619 1883 1695 1922 est
1738 1882 1787 1922 et

260 1964 528 2018 occiditur,
559 1963 712 2017 tigris
743 1961 897 2003 fortis
930 1963 1006 2002 est
1037 1963 1085 2002 et
1118 1959 1387 2001 occiditur:
1427 1972 1546 1999 caue
1579 1957 1786 2011 multos,

350 2070 400 2101 XI
426 2071 556 2101 Mimus
589 2069 743 2100 fortasse
770 2066 946 2099 Marullus
979 2066 1063 2103 fuit,
1096 2066 1197 2097 cuius
1222 2064 1305 2096 uide
1333 2064 1374 2098 fr.
1393 2065 1430 2096 II
1522 2064 1591 2096 XII
1616 2063 1785 2104 Augusti·

260 2126 326 2147 nus
352 2116 395 2146 de
420 2115 532 2146 trinit.
559 2113 648 2146 XIII
675 2116 694 2145 3
720 2113 832 2144 ‘unde
857 2112 923 2143 illa.
949 2111 1134 2143 cuiusdam
1166 2111 1264 2141 mimi
1295 2109 1525 2141 facetissima
1550 2108 1787 2150 praedicatur

259 2161 470 2199 urbanitas,
503 2160 565 2200 qui
598 2169 677 2189 cum
709 2168 745 2190 se
779 2158 1005 2198 promisisset
1035 2156 1071 2187 in
1104 2155 1245 2187 theatro
1278 2154 1363 2196 quid
1390 2155 1425 2185 in
1458 2155 1577 2185 animo
1608 2153 1786 2184 haberent

261 2211 297 2238 et
323 2206 408 2247 quid
434 2204 571 2236 uellent
597 2214 720 2234 omnes
746 2203 830 2234 aliis
861 2203 955 2234 ludis
983 2211 1062 2233 esse
1093 2202 1290 2240 dicturum,
1324 2203 1434 2240 atque
1462 2199 1508 2230 ad
1532 2198 1628 2229 diem
1654 2200 1787 2230 consti-

261 2255 376 2282 tutam
416 2249 557 2292 ingenti
594 2249 854 2290 expectatione
888 2248 1002 2278 maior
1040 2245 1233 2277 multitudo
1272 2245 1488 2283 conflueret,
1526 2243 1713 2284 suspensis
1750 2247 1787 2274 et

261 2295 456 2327 silentibus
488 2295 653 2326 omnibus
692 2294 825 2325 dixisse
864 2292 1091 2334 perhibetur:
1129 2290 1212 2322 uili
1248 2289 1388 2320 uultis
1426 2297 1572 2320 emere
1610 2292 1653 2319 et
1684 2299 1787 2320 caro

261 2341 467 2374 uendere,
528 2340 569 2370 In
602 2349 670 2380 quo
704 2339 801 2370 dicto
834 2338 1011 2370 leuissimi
1042 2336 1180 2368 scenici
1221 2345 1344 2367 omnes
1380 2338 1502 2365 tamen
1541 2333 1786 2365 conscientias

260 2388 478 2418 inuenerunt
508 2395 609 2421 suas,
647 2386 750 2425 eique
782 2393 870 2415 uera
903 2386 988 2414 ante
1021 2381 1147 2413 oeulos
1178 2380 1334 2412 omnium
1366 2379 1565 2411 constituta
1598 2381 1634 2410 et
1665 2382 1787 2410 tamen

261 2431 450 2473 inprouisa
476 2430 615 2461 dicenti
643 2428 849 2460 admirabili
874 2428 1000 2459 fauore
1026 2426 1271 2468 plauserunt.'

378 2527 400 2563 7
445 2527 547 2562 Vnde
569 2535 708 2561 uersus
728 2525 858 2571 effecit
881 2523 1093 2559 Salmasius
1112 2523 1202 2558 hos.-
1224 2522 1258 2556 in
1280 2520 1387 2556 anulo
1410 2530 1481 2555 uno
1502 2518 1682 2566 principes
1703 2529 1786 2566 pos-

264 2584 348 2620 sunt
369 2583 453 2619 boni
477 2580 592 2618 Scribi
615 2582 723 2628 {itque
745 2582 859 2628 pingi.
925 2580 1184 2624 Transposz'tis
1204 2580 1315 2613 etiam
1340 2578 1453 2612 aliter
1483 2576 1610 2611 uerbis
1639 2577 1789 2610 numeri

264 2643 351 2677 elici
374 2642 556 2685 possunt,
590 2648 622 2675 e.
646 2648 679 2673 c.
711 2636 882 2684 perscribi
907 2647 945 2671 ac
974 2636 1073 2682 pingi
1103 2633 1281 2682 principes
1313 2632 1465 2680 possunt
1495 2630 1578 2666 boni
1610 2631 1648 2665 In
1679 2630 1785 2666 anulo

264 2708 356 2732 uno:
388 2699 510 2732 minas
532 2696 628 2730 haec
648 2693 820 2741 perscribi
842 2693 876 2728 in
899 2692 1005 2727 anulo
1028 2691 1100 2727 lino
1122 2695 1276 2737 possunt
1297 2689 1477 2737 principes
1498 2686 1586 2722 Boni
1613 2689 1784 2733 placent.

376 2753 400 2789 S
431 2753 617 2788 Fortasse
655 2752 783 2785 exitus
822 2759 960 2785 uersus
997 2749 1059 2784 laic
1095 2748 1192 2795 fait.-
1231 2748 1298 2782 iani
1334 2744 1398 2780 tibi
1437 2743 1508 2779 dixi
1547 2748 1621 2788 ter,
1661 2742 1785 2778 Tullus

265 2809 352 2853 fuit3
390 2820 477 2844 nam
507 2817 629 2854 neque
661 2811 714 2842 ter
745 2805 869 2841 Tullus
902 2815 1024 2852 neque
1055 2804 1126 2839 dixi
1159 2808 1214 2838 ter
1248 2801 1472 2847 separanda
1503 2801 1673 2835 numeris
1703 2809 1786 2836 esse

262 2865 392 2902 sentio.
511 2864 533 2900 9
565 2862 758 2899 senariam
789 2863 947 2908 expleta·
979 2872 1042 2896 uos
1073 2860 1264 2902 addendo,
1297 2857 1398 2905 quod
1425 2867 1495 2892 om.
1529 2857 1644 2904 ualqo
