2023 3287
724 222 977 257 CAECILIVS
1003 222 1198 257 sTAT1vs
1664 220 1720 262 59

316 326 554 369 'occultare
586 327 710 368 foris:
743 328 803 367 ita
835 342 940 368 uxor
972 328 1066 369 mea
1097 327 1235 369 forma
1267 329 1309 368 et
1340 325 1466 368 factis
1500 327 1614 381 facit,

317 403 423 447 'Etsi
464 408 646 459 taceam,
677 404 822 445 tamen
860 404 1063 445 indicium
1099 402 1259 460 [meae]
1325 418 1431 460 quae
1464 404 1547 446 11131
1579 404 1721 446 dotem

1050 480 1211 535 omnia,

195 601 280 641 (inc.
316 601 387 632 fab.
414 600 505 639 XX).
552 599 664 631 Porro
696 598 852 630 hominis
883 598 1071 640 pauperiS,
1104 598 1173 630 hoc
1205 600 1260 630 est
1296 598 1457 631 eiusdem
1488 599 1583 630 senis
1608 599 1721 630 uicini

195 656 320 678 seruus
340 647 516 678 Parmeno
535 644 596 684 (cf.
615 644 710 677 Men.
729 641 832 684 VIII)
859 642 973 684 erilis
978 643 1075 674 filiae
1094 644 1229 685 gemitu
1251 643 1389 684 audito,
1410 654 1488 675 cum
1507 646 1619 675 totam
1646 654 1719 674 rem

195 691 312 723 adhuc
336 690 578 732 ignorauelit,
605 689 719 730 primo
746 687 966 720 0011100111113
985 687 1206 730 indulgens
1196 698 1234 719 ln
1251 689 1411 720 uicinum
1430 687 1717 725 adulescentem,

196 747 300 777 quem
320 735 463 778 puellae
483 734 673 766 admodum
692 743 770 765 esse
790 732 1010 764 familiarem
1027 733 1115 773 Scit,
1144 733 1285 765 confert
1310 734 1567 775 suspicionem.
1608 733 1719 774 Atqui

195 791 265 812 non
292 781 464 812 conuenit
491 779 717 820 computanti
742 777 913 819 temporis
938 778 1032 809 ratio
1058 775 1123 820 (IV
1150 781 1186 809 et
1211 778 1380 810 Menand
1406 776 1492 819 ΙΙΙ)·
1524 788 1607 809 nam
1634 781 1720 810 ante

194 827 294 867 ipsos
320 825 444 857 decem
470 834 613 856 menses
640 823 780 855 demum
807 832 888 854 erus
915 832 997 854 rure
1014 823 1052 854 in
1077 823 1202 855 urbem
1221 824 1446 865 migrauerat
1472 823 1561 864 (01.1
1550 823 1719 855 Menand.

193 873 223 903 V
249 871 297 901 VI
322 870 418 909 VII),
445 880 512 901 nec
538 871 624 900 ante
650 868 687 900 id
712 871 855 908 tempus
880 868 1016 909 uirgini
1033 878 1113 899 cum
1140 878 1319 910 quoquam
1338 867 1559 900 consuetudo
1586 868 1719 900 fuerat.

193 916 239 947 At
266 915 360 947 enim
393 925 480 946 sane
513 914 587 946 ruri
611 912 789 954 Crobylae
823 912 919 944 filius
952 912 1045 952 (eum
1078 913 1171 944 enim
1198 913 1310 945 fuisse
1337 912 1438 956 puto)
1470 913 1567 945 festo
1600 913 1720 944 furore

195 960 360 992 exultans
379 959 441 998 (cf.
459 959 544 1000 VII)
570 959 716 1000 ignotus
734 958 896 999 ignotam
913 961 1189 999 compresserat.
1236 959 1284 989 Et
1303 958 1344 990 de
1363 958 1557 1000 peruigilio
1577 957 1720 999 quidem

195 1006 351 1047 amplius
377 1004 622 1046 percontando
641 1003 820 1035 Parmeno
839 1003 1032 1044 comperit:
1059 1005 1091 1036 V
1116 1004 1177 1042 VI,
1204 1003 1269 1035 sed
1294 1003 1337 1035 de
1363 1007 1524 1043 auctore,
1552 1004 1721 1044 quoniam

193 1051 230 1081 in
261 1050 422 1082 tenebris
453 1049 551 1081 istud
576 1058 665 1090 opus
691 1048 900 1080 confectum
932 1051 1005 1087 est,
1038 1058 1083 1080 ne
1115 1048 1259 1090 puellae
1287 1048 1431 1090 quidem
1464 1048 1536 1089 ipsi
1562 1051 1721 1080 constat.

193 1096 270 1128 Iam
294 1105 381 1126 uero
407 1094 646 1137 grauissimas
679 1093 754 1125 eius
787 1093 1019 1134 puerperium
1043 1093 1169 1125 turbas
1197 1093 1334 1124 adfert:
1369 1093 1547 1135 siquidem
1572 1093 1722 1134 nuptias

194 1151 324 1182 magno
351 1142 495 1180 sumptu
526 1141 695 1180 paratas,
722 1148 812 1180 quas
845 1137 984 1169 differri
1014 1138 1169 1180 legimus
1196 1139 1238 1169 fr.
1259 1138 1329 1171 XII
1354 1138 1459 1178 XIII,
1492 1138 1537 1170 ad
1562 1138 1721 1179 puellam

194 1190 355 1218 nostram
380 1184 593 1216 referendas
612 1193 692 1216 esse
717 1186 816 1215 recte
835 1183 1046 1214 conicimus.
1095 1182 1250 1225 Cognito
1277 1184 1388 1224 enim,
1415 1183 1516 1214 cuius
1542 1193 1580 1215 se
1606 1184 1721 1224 ipsum

193 1231 229 1261 in
262 1231 371 1262 noxia
403 1239 482 1261 esse
514 1229 650 1267 nescit,
687 1227 862 1261 dedecore
894 1238 966 1260 non
1003 1228 1120 1269 potuit
1153 1228 1368 1260 adulescens
1399 1238 1471 1260 non
1497 1238 1518 1259 a
1552 1228 1721 1269 coniugio

195 1276 350 1307 uitiatae
378 1274 590 1306 abhorrere:
616 1275 742 1315 itaque
768 1272 922 1305 tollendi
946 1273 1095 1314 nuptias
1123 1283 1273 1305 causam
1300 1276 1465 1314 captans,
1493 1283 1573 1304 cum
1597 1283 1721 1304 ueram

194 1321 230 1351 in
255 1319 439 1362 publicum
467 1319 630 1360 proferre
656 1321 861 1358 uereretur,
888 1319 1045 1350 fortasse
1073 1319 1239 1360 auspicia
1264 1319 1428 1350 infausta
1453 1318 1721 1359 praetenderat,

195 1365 239 1396 ad
271 1364 364 1406 quod
397 1364 638 1405 respondetur
669 1364 712 1395 fr.
747 1362 842 1397 XIV
903 1362 1009 1394 Certe
1048 1362 1206 1395 ‘odiosa'
1240 1362 1434 1405 opulentae
1467 1373 1510 1394 ac
1540 1363 1721 1404 superbae

194 1410 300 1441 matri
326 1412 467 1441 ‘nurus’
494 1408 701 1441 defenditur
727 1408 770 1439 fr.
796 1407 879 1448 XV,
913 1411 949 1439 et
973 1411 1013 1439 ut
1046 1408 1154 1439 aliam
1181 1408 1361 1450 quandam
1387 1411 1583 1449 cognatam
1610 1407 1723 1439 ducat

196 1454 270 1486 filio
296 1454 516 1504 persuadere
543 1458 696 1486 conatur
721 1452 876 1493 Crobyle
903 1452 997 1502 apud
1022 1453 1260 1485 Menandrum
1288 1453 1373 1493 (inc.
1408 1453 1483 1484 fab
1511 1452 1721 1491 CCXX1V>2

194 1493 377 1542 Κρωβύλη
402 1510 447 1541 τῃ
472 1510 584 1541 μητρι
609 1497 753 1530 πείθου
777 1495 843 1530 καὶ
868 1491 980 1539 γάμει
1005 1493 1075 1539 τὴν
1093 1497 1267 1540 συγγενῆ.
1316 1498 1447 1539 Itaque
1465 1498 1509 1529 de
1535 1498 1632 1529 bona
1659 1508 1722 1539 spe

195 1544 332 1576 deiecti
357 1547 431 1575 tam
456 1544 606 1576 afflictis
623 1543 732 1575 rebus
759 1552 918 1584 congrua
945 1545 981 1574 et
998 1543 1177 1575 Parmeno
1196 1542 1311 1583 (VIII)
1339 1546 1375 1575 et
1395 1553 1475 1574 erus
1495 1543 1575 1582 (IX)
1602 1553 1722 1574 30011111

195 1588 515 1631 philosophantur,
544 1592 651 1630 atque
678 1588 721 1619 de
747 1598 789 1620 eo
815 1597 933 1618 rerum
959 1590 1057 1619 statu
1083 1588 1282 1620 diuerbium
1308 1588 1403 1619 inter
1428 1591 1616 1637 utrumque
1644 1598 1723 1619 cum

194 1635 250 1666 his
276 1635 449 1665 innuatur
474 1633 581 1673 (Men
607 1632 725 1667 V1113:
753 1630 780 1664 ὠ
798 1630 1028 1673 Παρμένων,
1055 1628 1124 1664 οὐκ
1151 1630 1252 1665 ἔστιν
1280 1626 1434 1674 ἀγαθὸν
1461 1631 1509 1676 τῷ
1537 1631 1618 1684 βίῳ
1624 1626 1722 1664 Φυό-

193 1690 309 1721 μενον
342 1671 465 1725 ὥσπερ
499 1675 660 1719 δένδρον
691 1673 731 1710 ἐκ
757 1674 861 1730 ῥίζης
886 1675 994 1719 μιᾶς,
1020 1671 1113 1710 Ἀλλ’
1141 1672 1253 1729 ἐγγὺς
1284 1675 1440 1719 ἀγαθοῦ
1466 1669 1723 1718 παραπέφυκε

194 1722 258 1756 καὶ
285 1734 424 1762 κακον,
446 1719 508 1755 Ἐκ
535 1721 603 1755 τοῦ
629 1721 749 1755 κακοῦ
774 1719 807 1754 τ’
835 1717 998 1765 ἤνεγκεν
1025 1717 1178 1764 αγαθὸν
1201 1717 1224 1765 ἦ
1253 1720 1366 1763 φύσις
1393 1721 1454 1763 (cf.
1479 1723 1575 1754 Men.
1595 1723 1644 1754 IX
1664 1721 1722 1761 X),

195 1769 321 1801 eodem
347 1768 590 1810 probabiliter
614 1768 865 1800 reuocabimus
892 1766 1107 1799 Caeciliana
1134 1768 1165 1798 X
1193 1771 1229 1799 et
1254 1767 1316 1799 XI.
1371 1767 1441 1799 Sed
1467 1766 1560 1809 quod
1584 1766 1724 1798 Seneca

193 1814 278 1845 dial.
312 1814 343 1844 X
376 1815 413 1854 2,
447 1814 465 1844 '¹2
497 1813 614 1854 ‘apud
645 1813 836 1844 maximum
868 1816 1056 1853 poetarum
1087 1823 1184 1844 more
1219 1812 1358 1844 oraculi
1390 1812 1542 1843 dictum’
1577 1812 1721 1844 laudat:

194 1858 327 1901 eoez'ymc
347 1866 438 1899 pars
463 1859 512 1890 est
529 1857 630 1890 uitae
655 1867 727 1899 qua
746 1866 809 1890 nos
824 1855 1006 1897 uiuimus,
1031 1857 1068 1888 id
1086 1868 1155 1889 1100
1174 1856 1337 1889 Caecilio
1356 1856 1516 1889 debebat
1535 1857 1722 1888 ascribere

194 1903 415 1946 Spengelius
441 1906 478 1934 et
508 1913 552 1934 ne
579 1902 770 1935 Menandri
802 1902 944 1944 quidem
971 1902 1030 1942 (οΓ.
1055 1902 1150 1938 Μο11,
1168 1901 1250 1942 ΙΧ),
1277 1902 1342 1934 3οᾱ
1367 1901 1553 1944 Euripidis
1578 1911 1723 1933 uersum

196 1959 275 1981 esse
309 1948 516 1989 suspicatur
546 1948 762 1980 Meinekius.
819 1947 966 1987 (Omisit
996 1947 1186 1979 Nauckius
1218 1947 1256 1978 in
1286 1947 1507 1988 tragicorum
1532 1950 1723 1988 poetarum

195 1995 416 2026 Graecorum
437 1992 682 2034 fragmentis.)
729 1993 783 2024 Ab
809 1992 874 2024 illa
899 1995 1019 2024 autem
1038 1993 1171 2024 mentis
1191 1992 1377 2033 aequitate
1396 1995 1569 2033 quantum
1594 1995 1723 2033 postea

196 2039 384 2079 discrepat
409 2038 648 2070 Parmenonis
675 2037 752 2069 siue
778 2037 949 2069 aduocati
984 2037 1140 2069 alicuius
1172 2038 1385 2078 pauperiem
1419 2036 1565 2078 publice
1597 2036 1724 2068 defen-

195 2082 470 2115 dundistudium
480 2082 709 2117 XVI.XVII!
735 2083 839 2121 Quod
858 2086 977 2113 tamen
990 2082 1098 2114 aliter
1113 2082 1268 2114 excitari
1282 2083 1343 2113 uix
1357 2085 1503 2123 poterat
1516 2082 1587 2112 nisi
1602 2081 1723 2122 aliquo

199 2128 318 2168 modo,
347 2128 505 2159 fortasse
530 2127 642 2168 plocii
666 2130 706 2158 ut
725 2127 825 2159 anuli
852 2128 889 2158 in
914 2127 1061 2168 Hecyra
1086 2126 1233 2167 indicio,
1261 2136 1369 2158 uerus
1395 2126 1572 2158 facinoris
1599 2130 1724 2158 auctor

200 2173 363 2215 proditus
381 2175 489 2206 esset.
531 2173 584 2204 Eo
603 2175 726 2204 autem
747 2172 857 2204 semel
876 2175 1021 2213 reperto
1039 2171 1160 2204 iudice
1179 2182 1267 2204 sane
1287 2181 1376 2213 opus
1394 2182 1465 2204 non
1492 2174 1588 2209 erat,
1616 2172 1723 2203 immo

196 2218 364 2249 sublatae
390 2217 540 2257 nuptiae
566 2217 874 2252 restituebantur,
906 2218 1083 2249 Parmeno
1115 2227 1202 2249 11010
1229 2217 1272 2248 ob
1299 2216 1450 2248 assidua
1474 2218 1606 2248 merita
1630 2216 1725 2248 liber

198 2264 318 2294 factus
339 2265 394 2294 est
413 2260 540 2301 (XIX).
633 2262 649 2294 I
676 2261 814 2294 Gellius
832 2262 868 2294 II
886 2263 928 2293 23
946 2262 1169 2294 ‘comoedias
1188 2261 1395 2293 lectitamus
1413 2264 1618 2293 nostrorum
1638 2272 1723 2303 poe-

196 2312 313 2340 tarum
335 2310 496 2347 sumptas
515 2316 558 2338 ac
576 2316 702 2338 uersas
721 2307 763 2339 de
782 2307 955 2348 Graecis,
979 2306 1179 2338 Menandro
1198 2310 1261 2339 aut
1279 2306 1480 2348 Posidippo
1498 2310 1561 2338 aut
1577 2306 1723 2348 Apollo-

197 2353 282 2385 doro
302 2356 365 2384 aut
382 2350 534 2382 Alexide
554 2354 589 2382 et
607 2351 820 2393 quibusdam
839 2353 927 2383 item
942 2351 1024 2384 aliis
1043 2352 1201 2384 comicis.
1234 2352 1360 2393 Neque
1377 2362 1457 2383 cum
1476 2351 1629 2393 legimus
1648 2361 1724 2388 eas,

196 2398 346 2429 nimium
365 2406 453 2428 sane
475 2395 683 2437 displicent,
702 2397 785 2438 quin
803 2397 924 2438 lepide
949 2406 1092 2438 quoque
1115 2400 1151 2428 et
1168 2400 1318 2428 uenuste
1338 2397 1498 2438 scriptae
1516 2396 1723 2434 uideantur,

194 2527 294 2551 suam
326 2525 529 2550 acrumnun
561 2517 702 2560 scripsi
731 2515 811 2562 quin
843 2526 1028 2550 0111111113111
1060 2525 1157 2550 suam
1191 2516 1271 2550 lat.
1305 2515 1395 2561 qui.
1421 2524 1724 2549 011111111111131111111

196 2573 289 2619 Rcy
331 2572 390 2619 qui
422 2564 611 2606 01011011ιεῖ1
649 2582 701 2605 311
703 2582 747 2606 un
779 2570 880 2606 Roet.
921 2571 980 2618 qui
1011 2581 1215 2606 aerumnam
1255 2582 1353 2606 suam
1387 2572 1497 2617 zczdyo
1612 2570 1726 2604 nescit

201 2639 314 2685 szys.
345 2623 488 2685 nesquil
520 2638 799 2674 B1c7neicm.A
931 2636 1008 2673 143
1042 2638 1199 2673 ocultaie
1237 2639 1339 2674 Rota.
1459 2636 1544 2671 suris
1583 2639 1726 2682 scripsi

196 2695 290 2730 10110
337 2694 449 2741 (uncle
494 2706 594 2730 ηοιια
642 2695 754 2741 uulJo
796 2696 927 2739 incipit
979 2692 1181 2738 sententia)
1226 2695 1315 2729 libri
1358 2694 1431 2728 sere
1475 2694 1556 2728 edd.
1599 2692 1724 2728 efferre

198 2751 422 2798 Spensselius
538 2749 584 2785 ita
625 2761 714 2785 uxor
745 2760 820 2785 mea
859 2749 971 2785 forma
1002 2752 1144 2795 scripsi
1181 2750 1228 2785 ita
1271 2760 1323 2784 me
1364 2760 1453 2784 uxor
1489 2749 1600 2784 somna
1639 2749 1727 2784 libri

197 2807 245 2841 ita
280 2817 335 2842 me
366 2818 456 2841 uxor
495 2813 530 2842 et
570 2806 682 2842 forma
715 2805 989 2841 Fleckeisemcs
1019 2807 1044 2840 l.
1075 2807 1101 2841 l.
1143 2806 1189 2840 ita
1229 2816 1283 2840 1110
1322 2816 1411 2840 uxor
1445 2805 1605 2840 Boacias

199 2858 301 2910 facit]
343 2858 422 2897 sacti
454 2862 556 2899 Rota.
674 2861 752 2897 144
785 2862 850 2897 etsi
872 2863 1014 2908 scripsi
1034 2861 1062 2896 si
1089 2862 1178 2897 libri
1249 2867 1288 2896 ut
1319 2862 1372 2897 si.
1398 2888 1404 2895 .
1430 2888 1437 2895 .
1462 2860 1628 2896 indicium
1660 2861 1723 2896 sim
