2023 3287
243 187 296 225 :32
793 187 882 217 Τ11Λ
892 188 980 217 ΒΕΑ
1031 187 1219 219 ATILIVS

984 289 1027 330 ΙΙ

360 363 465 417 'Ego
509 366 768 419 uoluptatem
811 366 942 406 (inimi
984 367 1157 406 nimiam
1198 370 1408 406 summum
1447 380 1537 406 esse
1576 381 1760 407 errorem

1091 442 1201 482 :irbit
1207 457 1284 482 ror.

726 693 789 764 Ἀ
834 712 873 764 Ῑ11
918 712 939 764 1
985 712 1025 764 L
1070 712 1094 764 1
1135 711 1178 764 v
1221 710 1255 764 3

831 834 1160 876 MISOGYNOS

357 911 504 952 Cicero
539 911 659 951 Tusc.
693 911 797 965 disp.
831 911 892 951 IV
929 912 993 964 ll,
1026 911 1081 951 25
1114 911 1272 951 ‘odium
1306 912 1527 951 mulierum
1561 912 1684 965 quale
1716 912 1761 952 in

239 989 463 1041 misogyno
499 987 605 1027 Atili
639 989 728 1027 ost?

669 1080 747 1120 EX
782 1080 1051 1122 [NOERTIS
1084 1080 1331 1122 FABVLIS

993 1157 1013 1197 I

359 1234 487 1274 Suam
509 1232 660 1286 cuique
682 1248 901 1286 sponsam,
929 1232 1034 1273 mihi
1057 1248 1212 1274 meam:
1247 1248 1369 1274 suum
1391 1233 1542 1286 cuique
1564 1248 1763 1288 amorem,

1087 1309 1194 1350 mihi
1228 1324 1378 1350 meum.

239 1457 481 1488 Fortunam
500 1483 507 1489 .
526 1481 533 1487 .
554 1484 557 1489 .
578 1457 714 1487 meis.'
809 1457 843 1487 11
868 1456 996 1487 Cicero
1028 1453 1135 1490 Tusc.
1169 1455 1260 1497 disp.
1292 1457 1340 1486 IV
1368 1457 1425 1495 15,
1457 1456 1499 1487 35
1531 1457 1656 1497 ‘quae'
1683 1455 1762 1498 (ap—

241 1502 369 1543 petitio
402 1502 528 1542 nimia)
561 1502 615 1531 ‘si
646 1501 789 1541 quando
821 1501 953 1542 adepta
986 1501 1054 1531 erit
1090 1501 1143 1538 id,
1181 1501 1276 1541 quod
1306 1501 1339 1531 ei
1373 1500 1484 1531 fuerit
1516 1501 1761 1542 concupitum,

240 1551 314 1576 tum
344 1546 529 1577 ecferetur
571 1545 782 1581 alacritate,
829 1549 868 1576 ut
905 1545 995 1576 nihil
1031 1546 1064 1576 ei
1097 1549 1240 1577 constet
1273 1545 1365 1586 quod
1397 1547 1501 1586 agat,
1533 1549 1573 1577 111
1609 1545 1672 1577 ille
1703 1547 1764 1586 qui

240 1591 520 1631 uoluptatem
547 1590 684 1621 animi
709 1590 886 1621 nimiam
911 1600 1115 1622 summum
1135 1599 1232 1621 esse
1261 1599 1455 1621 errorem
1482 1590 1762 1622 arbitratur)

240 1636 281 1666 In
307 1635 437 1676 quibus
461 1635 627 1666 Trabeae
654 1644 798 1666 uersum
823 1634 937 1666 latere
969 1635 1156 1676 perspexit
1181 1634 1389 1666 Bentleius.
1444 1633 1573 1666 Cicero
1605 1634 1651 1666 ad
1677 1635 1763 1666 fam.

240 1680 274 1711 ΙΙ
300 1682 319 1711 9
345 1682 513 1721 ‘repente
538 1689 625 1711 uero
643 1679 778 1710 incessi
797 1680 962 1712 omnibus
980 1679 1137 1711 laetitiis
1156 1679 1286 1710 laetus.
1334 1680 1375 1710 In
1403 1689 1472 1720 quo
1491 1689 1570 1710 eum
1595 1679 1765 1720 obiurga-

241 1735 299 1755 rer
342 1724 436 1765 quod
474 1725 583 1755 nimio
626 1724 759 1765 gaudio
799 1734 916 1766 paene
953 1724 1170 1765 desiperem,
1207 1724 1261 1755 ita
1301 1734 1355 1755 me
1390 1723 1648 1756 defendebam:
1690 1734 1764 1766 ego

240 1769 519 1810 uoluptatem
545 1770 681 1800 animi
706 1769 910 1800 nimiam)
958 1769 1058 1800 Idem
1077 1769 1119 1800 de
1138 1768 1196 1800 fin.
1215 1769 1300 1809 114,
1330 1770 1370 1800 13
1396 1772 1495 1800 ‘nam
1520 1772 1558 1800 et
1582 1768 1644 1800 ille
1670 1768 1765 1810 apud

240 1814 421 1845 Trabeam
447 1813 727 1856 uoluptatem
761 1815 894 1845 animi
926 1814 1103 1845 nimiam
1128 1813 1309 1844 laetitiam
1337 1813 1455 1845 dicit.'
1506 1813 1606 1845 Idem
1632 1817 1764 1855 poetae

241 1859 375 1890 dietum
400 1859 485 1889 uide
512 1869 558 1889 an
584 1859 783 1900 respiciant
808 1858 872 1889 illa
898 1858 1086 1890 Ciceronis
1112 1858 1158 1890 ad
1184 1859 1332 1890 Paetum
1352 1858 1402 1889 IX
1420 1859 1460 1889 21
1489 1858 1566 1889 ‘ain
1591 1858 1764 1890 tandem?

240 1904 402 1934 insanire
421 1903 491 1935 tibi
509 1903 659 1955 uideris,
687 1903 779 1944 quod
800 1904 942 1934 imitere
960 1903 1152 1935 uerborum
1169 1913 1341 1943 meorum,
1366 1906 1406 1934 ut
1423 1902 1562 1941 scribis,
1584 1903 1763 1935 fulmina?

240 1952 314 1978 tum
338 1949 537 1988 insanires,
564 1949 595 1979 si
620 1949 795 1989 consequi
813 1958 884 1979 non
910 1958 1049 1989 posses.
1083 1958 1162 1979 (eum
1180 1958 1265 1979 uero
1286 1948 1396 1979 etiam
1414 1948 1558 1987 uineas,
1583 1958 1640 1979 me
1664 1948 1764 1989 prius

240 1992 403 2023 inrideas
434 2002 539 2045 quarm
571 1996 607 2024 te
640 1996 796 2034 oportet.
846 2002 958 2033 quare
996 1992 1087 2024 nihil
1123 1993 1191 2023 tibi
1223 2002 1314 2034 opus
1347 1996 1402 2023 est
1432 1991 1524 2023 iilud
1555 2003 1576 2024 a
1607 1992 1764 2029 Trabea,

241 2037 303 2068 sed
334 2038 456 2078 potius
488 2032 710 2078 ἀπότευγμα
742 2047 870 2071 meum
876 2040 886 2055 ²
940 2038 1095 2069 Paetum
1127 2038 1295 2069 Trabeae
1331 2047 1438 2069 uersu
1475 2037 1630 2078 quodam
1662 2047 1766 2069 usum

241 2092 322 2113 esse
354 2086 421 2121 quo
453 2081 677 2123 significaret
708 2092 779 2113 non
810 2081 1007 2117 succedere
1033 2083 1104 2123 ipsi
1137 2081 1229 2123 quod
1254 2091 1450 2133 aggressus
1477 2085 1573 2122 erat,
1607 2082 1766 2114 coniecit

240 2127 442 2165 Manutius3
469 2127 574 2158 immo
599 2127 714 2168 ipsam
740 2126 842 2158 illam
868 2126 1032 2158 imitandi
1065 2127 1246 2158 insaniam
1277 2126 1336 2157 uel
1368 2107 1591 2168 ἀπότευγμα
1617 2127 1764 2158 nimiam

242 2171 310 2203 sibi
341 2181 421 2202 esse
449 2172 560 2202 animi
586 2171 813 2212 uoluptatem
839 2171 986 2203 uidetur
1011 2172 1146 2204 Paetus
1171 2172 1374 2212 scripsisse.

331 2215 443 2246 A¹r1L1
469 2216 694 2247 Mrsooruos
742 2216 846 2257 Apud
872 2216 946 2248 Cic.
974 2215 995 2250 l.
1028 2215 1051 2247 l.
1086 2216 1333 2258 missogino
1366 2217 1474 2248 Brux
1507 2217 1764 2258 missogyno

241 2259 331 2291 Gud.
355 2260 442 2302 Reg
474 2255 707 2312 μισογύνῃ
738 2260 943 2292 Meinekius
974 2262 1010 2291 in
1042 2260 1139 2293 Men.
1172 2261 1236 2294 rel.
1262 2271 1295 2302 p
1330 2262 1410 2301 115,
1448 2261 1508 2302 qui
1539 2270 1577 2292 se
1609 2271 1680 2292 non
1711 2271 1766 2293 re-

241 2315 403 2346 1·)1igna1·e
429 2306 537 2341 dicit
565 2306 595 2336 31
622 2306 702 2346 quis
729 2305 832 2336 Atilii
858 2305 1022 2358 fabulam
1047 2316 1065 2335 e
1090 2305 1283 2337 Menandri
1316 2305 1529 2347 cognomine
1556 2315 1766 2347 expressam

242 2353 395 2381 statuat

331 2395 386 2426 Ex
413 2395 487 2426 [Nc.
513 2395 603 2426 ΕΑΒ.
652 2394 666 2425 I
693 2394 820 2428 Cicero
846 2394 893 2426 ad
918 2395 993 2427 Att.
1018 2394 1103 2427 XIV
1128 2396 1184 2436 20,
1209 2397 1229 2427 3
1255 2398 1348 2427 ‘cum
1374 2418 1382 2426 .
1464 2395 1693 2436 scripsissem
1718 2394 1765 2426 ad

243 2441 336 2471 eum’
362 2439 541 2480 (Brutum)
569 2439 626 2470 ‘de
659 2441 796 2481 optimo
828 2449 964 2481 genere
995 2440 1157 2480 dicendi,
1189 2450 1260 2471 non
1284 2439 1388 2472 modo
1414 2440 1519 2480 mihi,
1554 2439 1619 2472 sed
1651 2440 1764 2471 etiam

241 2484 309 2515 tibi
327 2485 473 2525 scripsit
491 2484 562 2515 sibi
580 2484 685 2523 illud,
711 2484 804 2526 quod
820 2484 909 2515 mihi
926 2484 1103 2526 placeret,
1122 2495 1192 2516 non
1209 2485 1374 2526 probari:
1401 2495 1513 2527 quare
1531 2485 1610 2516 sine
1629 2494 1764 2525 quaeso

242 2529 312 2560 sibi
344 2539 520 2570 quemque
552 2529 722 2561 scribere.
778 2529 887 2562 Suam
918 2529 1062 2571 cuique’
1094 2540 1125 2563 e.
1159 2540 1189 2571 q.
1224 2540 1252 2561 s.
1306 2533 1392 2561 ‘non
1424 2529 1533 2561 scite:
1569 2529 1637 2560 hoc
1671 2529 1765 2561 enim

244 2663 441 2700 Bentleius
529 2664 552 2701 6
583 2661 701 2715 animi]
735 2665 870 2701 homini
902 2666 983 2702 cod.
1013 2675 1073 2712 ep.
1112 2667 1165 2702 cccl
1186 2665 1281 2712 fam.
1371 2660 1547 2714 errorem]
1578 2674 1764 2712 aegrorem

244 2720 460 2765 Bentleius,
493 2722 594 2767 quod
622 2731 754 2757 uerum
784 2733 859 2757 non
891 2731 975 2757 esse
1005 2726 1172 2768 apparet
1202 2723 1284 2758 loco
1322 2722 1374 2757 acl
1406 2721 1501 2767 fam.
1535 2719 1585 2756 II
1609 2719 1632 2756 9

245 2774 398 2810 arbitror
439 2776 635 2812 Bentleius
675 2776 868 2813 arbitratur
907 2777 1052 2814 Cicero.
1133 2778 1282 2813 Trabea
1330 2788 1402 2824 quo
1434 2777 1550 2812 uerbo
1587 2786 1680 2812 usus
1718 2779 1765 2812 sit

245 2833 450 2866 neseimus:
478 2832 650 2877 fortasse
679 2839 824 2869 autumo
855 2835 1012 2879 scripsit
