2023 3287
265 210 449 247 CXXVIII
861 208 925 243 AD
953 207 1189 244 TRAGICOS

383 318 469 359 575
506 317 633 369 suffla
669 316 782 357 idem
821 331 860 370 p.
894 316 997 371 659,
1043 315 1117 357 sed
1153 331 1240 357 non
1277 314 1611 357 oblitterandum
1647 329 1790 371 suppa,

266 388 380 443 quod
411 388 711 429 Lachmannus
744 402 911 441 quoque
945 386 998 427 ad
1029 385 1152 427 Luer.
1183 386 1248 427 III
1282 387 1364 427 172
1396 386 1531 427 tuitus
1565 389 1641 428 est.

379 459 463 501 578
496 472 536 500 se
566 458 722 499 veneris
751 457 928 499 sterilem
958 456 1070 497 idem
1101 471 1143 511 p.
1175 456 1280 511 304,
1312 470 1550 511 perperam.

385 530 469 570 602
504 543 565 583 sq.
625 528 698 582 qui
729 529 776 569 de
806 526 983 569 Dircaeo
1012 528 1122 580 fonte
1154 526 1387 568 adveniunt
1418 528 1578 578 mundi,
1603 527 1674 569 ubi

619 598 828 639 nitidatur
863 599 1001 652 fulyffl'
1033 597 1417 652 quadripedantum
1451 598 1703 652 sonipedum

266 670 510 725 Madvigius
542 669 720 710 Advers.
749 668 792 710 Π
825 669 927 720 657,
966 683 1073 723 quae
1110 683 1199 709 non
1236 669 1341 709 satis
1381 668 1600 723 intellego.
1659 667 1790 723 Berg-

266 742 362 782 kius
394 741 421 782 l.
452 741 479 781 l.
512 740 598 781 305
631 754 719 781 11011
748 739 934 780 felicius:

549 814 668 864 atque
698 811 743 851 in
773 809 956 850 Dircaeo
989 810 1107 850 fonte
1139 798 1320 864 smmum
1350 810 1552 851 mundule

550 882 733 923 nitidant
753 881 991 934 pulvimque
1022 895 1060 935 q.
1093 895 1126 922 S.

267 954 335 996 vel
368 953 624 1007 septenariis
655 951 905 993 trochaicis:

611 1021 852 1063 nitidantur
875 1022 1112 1075 pulvz'mque
1134 1022 1291 1074 fulvom
1323 1037 1362 1076 q.
1394 1036 1427 1063 s.

391 1096 474 1137 604
507 1098 716 1148 tmporare
747 1092 958 1147 Bergkius
991 1093 1018 1133 l.
1049 1093 1075 1133 1.
1107 1094 1210 1134 289ε
1244 1093 1294 1134 ef.
1326 1093 1436 1134 Enn.
1470 1093 1564 1134 101.

389 1166 472 1207 609
506 1180 546 1207 ec
576 1165 755 1206 Menelai
785 1165 906 1205 domn
946 1164 1104 1218 corrigi
1136 1164 1262 1205 iussit
1292 1164 1364 1218 qui
1394 1165 1538 1218 inepte
1569 1164 1671 1205 ferri
1702 1165 1792 1205 vul-

269 1240 373 1292 gata
403 1252 538 1290 nuper
571 1235 847 1290 significavit,
880 1234 993 1288 quod
1023 1234 1199 1275 minime
1227 1234 1432 1276 concedo:
1464 1250 1565 1276 nam
1583 1235 1667 1276 nisi
1687 1250 1793 1277 uxor

269 1308 454 1349 Menelai
491 1307 657 1348 Helena
696 1306 867 1360 fuisset,
912 1304 1105 1359 profecto
1145 1305 1304 1346 bellum
1341 1320 1428 1346 non
1464 1308 1630 1348 motum
1669 1308 1793 1361 esset,

269 1394 406 1434 neque
450 1379 586 1420 moles
624 1377 725 1418 belli
767 1377 812 1417 in
850 1375 975 1416 domo
1017 1375 1202 1417 Menelai
1242 1376 1341 1431 fuit,
1382 1390 1482 1431 ergo
1523 1391 1577 1418 ne
1617 1377 1794 1418 excitari

271 1451 441 1505 quidem
472 1449 592 1490 illinc
622 1448 777 1503 potuit.

389 1521 474 1562 618
504 1519 711 1574 ‘profecto
738 1519 1040 1572 hauquaquam
1060 1518 1251 1559 mediocri
1269 1521 1327 1559 est
1344 1516 1475 1559 ortus’
1497 1519 1564 1560 vel
1585 1518 1796 1560 ‘mediocri

271 1596 383 1634 ortus
402 1596 460 1633 est
479 1590 596 1632 satu'
625 1590 871 1631 dubitanter
897 1589 1078 1630 coniecit
1097 1588 1148 1629 A.
1169 1587 1309 1629 Luchs
1332 1588 1441 1629 stud.
1465 1590 1518 1630 15
1526 1623 1536 1644 ,
1556 1589 1663 1630 illud
1682 1591 1795 1631 certe

273 1664 491 1718 aliquanto
525 1661 677 1702 melius
711 1676 838 1716 quam
870 1661 968 1715 hoc,
1007 1675 1265 1715 quamquam
1295 1659 1501 1700 traditam
1531 1675 1680 1702 versus
1712 1660 1796 1702 for-

271 1749 387 1776 mam
418 1734 510 1787 ipse
543 1733 748 1786 exemplis
779 1731 990 1773 Plautinis
1025 1746 1073 1773 ac
1105 1731 1376 1773 Terentianis
1408 1731 1609 1772 firmavit.

392 1805 477 1846 620
508 1818 639 1845 omem(
672 1805 761 1857 quit
789 1802 1002 1858 Bergkius
1027 1802 1181 1844 Philol.
1212 1801 1398 1844 XXXIII
1430 1802 1513 1843 271
1547 1816 1666 1843 meae
1699 1816 1795 1843 con-

272 1877 459 1918 iecturae
490 1875 690 1929 praefert.

392 1947 476 1988 628
510 1945 734 1987 Senariuni
765 1945 897 1986 talem
930 1945 1134 1986 constitui
1165 1944 1259 1986 vult
1291 1943 1342 1985 A.
1367 1943 1508 1985 Luchs
1542 1943 1651 1985 stud.
1676 1944 1696 1985 I
1724 1945 1797 1985 72:

466 2032 579 2059 nunc
610 2020 658 2058 tu
689 2017 735 2058 in
765 2031 810 2058 re
843 2031 1015 2070 crepera
1045 2017 1134 2057 vide
1158 2017 1257 2069 qnid
1285 2016 1417 2068 capies
1447 2015 1601 2057 eo'nsili.

392 2089 478 2130 644
511 2087 754 2129 Sententiae
792 2086 977 2128 fortasse
1017 2088 1122 2128 satis
1159 2088 1235 2127 fiet
1273 2086 1496 2128 scribendo
1534 2100 1660 2127 novus
1696 2097 1796 2127 novo

266 2161 460 2215 periculo.

393 2231 476 2273 656
511 2228 681 2285 Scripto
728 2229 841 2285 apud
880 2228 1127 2271 Ciceronem
1165 2231 1268 2271 ‘idem
1311 2244 1390 2283 pro
1429 2229 1610 2281 idemque
1647 2229 1689 2268 et
1727 2227 1796 2268 ad-

274 2305 446 2358 sumpto
492 2303 571 2343 inc.
609 2302 690 2343 inc.
727 2302 812 2343 fab.
855 2302 935 2343 1:27
977 2316 1038 2355 sq.
1111 2300 1322 2355 Bergkius
1366 2300 1393 2341 l.
1431 2300 1458 2340 1.
1499 2300 1581 2340 307
1628 2297 1797 2340 restitui

273 2375 397 2418 valde
430 2373 632 2415 audacter
662 2373 799 2414 iubet:

771 2458 878 2498 quae
914 2443 1067 2484 mulier
1097 2458 1184 2484 una
1215 2442 1344 2483 duum
1374 2441 1515 2483 virum

558 2516 738 2569 usurpat
764 2515 919 2569 duplex
951 2514 1102 2555 cubile.

276 2588 336 2630 At
367 2587 567 2643 flagitant
600 2587 682 2628 sibi
706 2587 889 2627 virorum
914 2599 1021 2640 quae
1049 2585 1098 2626 de
1124 2585 1192 2626 his
1213 2583 1422 2640 genetivis
1444 2582 1593 2625 Cicero
1614 2580 1799 2626 disserit.

397 2659 481 2700 693
510 2658 684 2711 patescit
717 2671 794 2710 per
832 2672 875 2697 se
915 2657 999 2698 dici
1038 2670 1166 2711 posse
1204 2670 1330 2697 nemo
1367 2654 1561 2709 negavit,
1600 2652 1674 2693 sed
1710 2667 1798 2693 non

279 2731 384 2771 satis
426 2729 607 2783 quadrat
651 2727 704 2769 ad
744 2728 913 2769 iurandi
952 2727 1200 2781 formulam,
1242 2740 1349 2780 quae
1390 2726 1507 2766 eitius
1547 2723 1698 2765 vocula
1735 2722 1796 2764 in-

279 2800 463 2841 dicatur:
495 2800 658 2841 frustra
689 2799 824 2854 igitur
854 2801 959 2840 nota
989 2800 1138 2840 narrat
1168 2797 1381 2852 Bergkius
1414 2796 1440 2836 1.
1471 2795 1498 2836 1.
1530 2795 1628 2850 304,
1653 2794 1797 2849 inepte

280 2873 419 2915 autem
455 2871 607 2913 latescit
635 2869 873 2925 proposuit.
