2023 3287
289 201 441 235 LXXVI
874 198 1222 234 COROLLARIVM

289 323 321 348 ο.
355 323 391 361 q.
426 323 475 359 s.,
512 307 595 347 nisi
635 322 811 347 caesura
850 308 947 348 ante
985 307 1195 360 explodam
1227 308 1495 349 octonarium
1536 307 1803 350 trochaicum

289 378 507 418 suasisset.

405 448 489 489 328
523 462 582 502 sq.
626 447 691 488 De
730 449 975 502 anapaestis
1020 450 1289 491 consentiens
1327 449 1616 490 Buechelerus
1659 451 1805 491 tamen

288 518 333 559 in
364 518 673 559 constituendis
705 518 893 560 numeris
927 522 969 560 et
988 520 1130 561 verbis
1155 520 1334 561 discedit
1366 534 1391 559 a
1422 534 1518 561 mea
1549 520 1804 562 coniectura.

287 603 388 630 nam
422 591 496 630 aut
526 590 571 630 in
602 590 1005 643 duosseptenarios
1037 591 1110 644 sic,
1140 591 1185 632 ni
1217 590 1357 643 fallor⁷
1389 590 1589 632 distribui

484 693 521 701 ..
552 674 620 701 vos
655 660 801 713 quibus
831 662 979 703 cordis&
1008 662 1121 703 intra
1153 661 1332 702 tunicam
1363 674 1511 702 mames
1544 661 1670 711 Zac‘va,

425 732 568 772 dextra
598 733 643 771 in
667 745 822 783 penum
853 732 949 773 erile

292 803 367 841 aut
398 816 481 842 uno
514 816 640 842 versu
672 801 734 842 sic
766 803 951 844 coerceri
983 803 1103 844 iubet

407 885 474 913 vos
513 872 659 924 quibus
699 873 847 914 cordisz}
886 873 998 914 intra
1039 875 1220 915 tumeam
1256 887 1405 915 manus
1446 874 1575 924 lae'va,
1615 874 1726 914 altra
1762 874 1808 914 in

1129 959 1284 997 penam
1314 945 1418 985 erile.

290 1013 412 1054 Ferri
443 1013 615 1068 quidem
648 1029 723 1068 per
756 1030 798 1055 se
832 1018 874 1055 et
905 1016 999 1056 erile
1022 1029 1176 1068 penum
1208 1017 1250 1056 et
1281 1015 1449 1057 inverso
1483 1015 1629 1056 ordine
1653 1029 1807 1067 penum

290 1084 386 1125 erile
427 1086 597 1138 potest·
644 1100 903 1140 quamquam
948 1086 1061 1127 enim
1105 1086 1242 1127 erilem
1283 1087 1419 1138 filium
1461 1085 1521 1126 sic
1558 1086 1806 1139 praeposito

292 1155 502 1197 adiectivo
541 1156 757 1197 constanti
794 1171 873 1198 usu
916 1158 1028 1211 apud
1059 1157 1305 1198 Terentium
1335 1156 1538 1211 legimUS‚
1573 1156 1659 1197 nisi
1696 1157 1807 1210 quod

292 1226 440 1278 semel,
477 1226 550 1267 ubi
583 1226 670 1267 iam
704 1229 992 1268 antecesserat
1023 1242 1112 1268 erac
1143 1227 1322 1280 mentio,
1354 1227 1399 1267 in
1431 1226 1597 1280 adelph.
1629 1226 1711 1267 301
1748 1227 1808 1267 sic

293 1296 489 1337 ordinare
522 1297 692 1338 maluit:
725 1297 859 1352 ‘quod
891 1298 1080 1352 mihique
1113 1312 1293 1352 eraeque
1325 1298 1522 1351 filiaeque
1555 1296 1725 1351 erilist’3
1760 1312 1809 1337 ac

291 1365 470 1407 Plautus
515 1382 680 1422 quoque
730 1369 772 1409 in
819 1368 1069 1409 Aululariae
1118 1384 1154 1409 v.
1192 1369 1277 1409 273
1324 1368 1440 1408 ‘erili
1484 1366 1621 1408 filiae'
1666 1367 1809 1420 habet,

292 1438 438 1478 tamen
470 1451 519 1478 ex
558 1439 704 1479 eadem
743 1439 888 1479 fabula
923 1454 959 1479 v.
992 1439 1078 1481 580
1113 1440 1326 1492 imperitam
1357 1439 1452 1479 erile
1487 1438 1647 1479 notavi.
1707 1452 1808 1478 nam

292 1508 421 1561 paulo
455 1511 554 1561 post
584 1510 845 1563 principium
866 1524 1013 1550 versus
1035 1509 1117 1550 591
1152 1510 1247 1551 erile
1282 1510 1496 1562 imperinm
1528 1509 1640 1549 inter
1673 1510 1808 1562 septe-

291 1578 436 1620 narios
480 1579 724 1621 trochaicos
775 1582 1024 1633 corruptum
1069 1582 1111 1620 et
1155 1582 1223 1620 sat
1265 1579 1549 1633 probabiliter
1594 1594 1618 1619 a
1669 1577 1809 1619 OFW

294 1647 514 1702 Muellero7
545 1650 617 1703 qui
649 1651 709 1690 em'
739 1651 798 1691 aa
828 1651 1047 1703 imperium
1077 1650 1321 1704 proposuit,
1355 1651 1593 1691 correctum
1627 1650 1700 1690 est.
1749 1649 1810 1690 la-

292 1719 450 1759 borant
479 1721 645 1761 numeri
680 1721 811 1762 etiam
843 1722 888 1762 in
919 1722 1006 1762 mil.
1028 1722 1083 1775 gl.
1109 1722 1208 1775 481,
1240 1721 1313 1762 ubi
1347 1721 1407 1761 sic
1438 1720 1640 1761 traditur:
1674 1719 1811 1760 ‘satin

295 1789 404 1830 abiit
435 1790 507 1830 ille
539 1806 615 1832 nec
648 1792 742 1833 erae
772 1793 974 1846 ozeyoz‘fe'um
1006 1792 1106 1833 Plus
1140 1791 1294 1845 curat’,
1325 1806 1473 1832 verum
1494 1805 1585 1831 esse
1616 1792 1722 1844 puto
1753 1791 1814 1831 eri

293 1861 360 1900 sui
390 1862 604 1915 neyotium,
637 1864 685 1902 ut
717 1863 762 1903 in
794 1862 951 1916 Amph.
985 1863 1069 1904 622
1101 1862 1402 1903 Fleckeisenus
1441 1862 1500 1902 eri
1530 1862 1609 1902 mei
1643 1862 1814 1914 imperia

294 1945 372 1983 pro
414 1934 615 1986 corrupto
658 1933 778 1974 arilia
819 1933 1002 1987 scripsit.
1066 1932 1147 1974 Sed
1180 1933 1224 1973 in
1261 1933 1408 1973 eadem
1448 1932 1597 1973 fabula
1628 1932 1813 1987 legimus

295 2002 470 2042 amicam
500 2003 637 2044 erilem
669 2018 706 2044 v.
741 2004 835 2044 114.
871 2004 953 2045 122
986 2001 1151 2058 (contra
1185 2003 1323 2043 erilem
1353 2003 1530 2043 amicam
1562 2001 1678 2058 274),
1708 2002 1814 2043 item

295 2072 558 2114 concubinam
596 2073 732 2114 erilem
770 2089 807 2114 v.
840 2074 924 2115 508
963 2071 1027 2128 (at
1062 2077 1203 2115 nostra
1240 2074 1352 2114 erclis
1389 2073 1609 2114 concubina
1646 2088 1682 2113 v.
1714 2072 1813 2126 458,

295 2143 432 2183 erilem
475 2145 739 2186 concubinam
780 2160 819 2186 v.
859 2145 956 2185 470.
989 2142 1110 2200 549).
1183 2144 1300 2193 Quae
1344 2146 1442 2184 utut
1484 2145 1600 2196 sunt,
1642 2142 1814 2184 Afranii

297 2215 410 2254 certe
450 2216 662 2256 sententia
694 2216 756 2256 ita
794 2218 1046 2269 comparata
1078 2217 1153 2268 est,
1184 2217 1232 2256 ut
1264 2215 1399 2256 multo
1430 2214 1654 2255 rotundius
1688 2214 1813 2254 unius

295 2284 495 2326 versiculi
529 2287 630 2327 orbe
664 2287 944 2328 concludatur
963 2301 1091 2341 quam
1111 2286 1154 2327 in
1176 2286 1281 2326 duos
1302 2284 1579 2326 distrahatur.
1614 2283 1812 2326 Ceterum

296 2353 346 2394 de
378 2355 491 2396 erilis
521 2357 731 2399 vocabulo
765 2357 815 2398 cf.
847 2357 1038 2409 Ramsay
1071 2357 1116 2397 in
1148 2355 1418 2398 Mostellaria
1449 2370 1488 2409 p.
1521 2356 1588 2397 93.

416 2426 500 2467 332
540 2426 831 2469 Confirmatur
861 2426 1114 2469 Buecheleri
1146 2426 1388 2468 emendatio
1420 2428 1591 2480 praeter
1621 2426 1701 2466 inc.
1734 2426 1813 2466 ine.

297 2498 406 2551 trag.
443 2498 522 2538 161
563 2498 708 2552 ibique
744 2499 969 2539 laudatum
1006 2498 1098 2539 Ter.
1130 2497 1221 2538 hec.
1253 2497 1339 2538 380
1378 2495 1596 2538 Ciceronis
1635 2496 1687 2536 ad
1724 2495 1814 2536 Att.

297 2565 362 2607 ΠΙ
395 2568 449 2608 23
483 2571 586 2610 extr.
620 2568 688 2610 ‘ut
718 2583 759 2610 sc
795 2570 919 2610 initia
949 2569 1132 2610 dederint
1167 2566 1444 2622 perscribas’‚
1480 2566 1595 2607 Livii
1625 2565 1815 2607 XXVIII

299 2636 338 2689 5,
371 2637 396 2677 9
429 2637 676 2693 ‘pollicitus7
707 2642 836 2694 prout
865 2642 1034 2694 tempus
1066 2653 1115 2681 ac
1143 2653 1206 2680 res
1236 2653 1277 2680 se
1307 2639 1437 2691 daret,
1475 2637 1673 2679 omnibus
1704 2636 1814 2677 latu-

298 2721 392 2748 rum
424 2724 468 2749 se
501 2709 723 2751 auxilium'
756 2708 811 2757 (si
842 2710 1047 2751 Puteanei
1081 2711 1123 2751 et
1146 2708 1329 2751 Medicei
1355 2707 1598 2761 corruptela
1629 2704 1815 2760 acresz‘dffl

298 2780 369 2830 ret,
403 2777 641 2822 Oolbertini
672 2795 735 2822 res
765 2782 873 2822 deret
902 2781 963 2821 sic
994 2782 1108 2821 recte
1141 2781 1294 2820 sanata
1325 2777 1420 2834 est),
1453 2777 1636 2819 Senecae
1669 2777 1718 2817 de
1751 2777 1816 2817 ira

299 2850 365 2892 ΙΙΙ
399 2851 442 2905 7,
478 2851 498 2891 1
535 2850 732 2907 ‘negotia
764 2884 772 2892 .
801 2884 809 2893 .
841 2851 1034 2907 ingentia
1067 2883 1075 2892 .
1103 2882 1146 2892 ..
1183 2863 1262 2891 nec
1299 2848 1404 2891 dant
1444 2862 1487 2888 se
1528 2846 1655 2889 facile
1698 2848 1740 2888 et
1781 2847 1817 2888 si
