2023 3287
1440 87 1458 95 α

311 210 385 249 11ss
621 211 679 242 EX
711 208 930 242 INCERTIS
957 210 1274 244 INCERTORVM
1302 212 1508 244 FABVLIS

1018 313 1121 354 XVI

423 390 672 432 Pariinculis
706 391 757 430 ad
791 389 892 431 litus
926 391 1034 431 ludit
1066 391 1282 432 celeribus.

1000 472 1127 514 XVII

427 548 663 590 Contendit
695 551 858 590 oculos:
892 549 1119 604 derepente
1152 549 1259 590 abiit
1291 550 1419 590 celox.

418 707 657 750 Vsnnulum
691 707 949 750 sensiloeuni

327 880 382 920 26
415 879 479 920 Ea
514 882 577 920 est
610 879 828 933 seditiosa,
861 894 910 920 ea
942 882 1037 920 011111
1069 879 1162 920 uiro
1195 879 1352 920 bellum
1386 879 1506 933 gerit.
1554 922 1559 927 f

299 1020 406 1041 enses
438 1012 475 1041 et
506 1009 555 1040 M.
583 1009 771 1041 Hertzium
803 1008 939 1041 annall.
966 1008 1108 1050 philoll.
1137 1009 1222 1040 1862
1248 1019 1280 1050 p.
1308 1010 1371 1041 725
1396 1009 1437 1039 L.
1463 1008 1662 1041 Muellerus
1688 1009 1824 1040 ibidem

299 1056 384 1087 1867
417 1065 451 1096 p.
477 1056 540 1086 491
681 1054 765 1084 XVI
790 1054 952 1085 Isidorus
984 1056 1100 1095 origg.
1126 1053 1209 1084 XIX
1238 1056 1273 1094 1,
1302 1056 1344 1086 20
1369 1057 1489 1094 ‘paro
1522 1054 1708 1096 nauigium
1735 1055 1827 1096 pira-

298 1104 414 1131 tarum
440 1100 522 1130 usui
541 1103 681 1141 aptum.
697 1124 704 1131 .
720 1099 887 1130 ,Cieei-o:
913 1103 997 1130 tunc
1022 1109 1059 1130 se
1085 1099 1277 1139 fluctigyro
1304 1099 1416 1130 tradit
1440 1099 1659 1140 mandatque
1686 1099 1825 1140 paroni.

297 1149 331 1176 ct
363 1144 492 1175 alibi:
526 1143 752 1185 parunculis'
780 1154 809 1177 e.
837 1154 871 1184 q.
899 1141 924 1176 s]
982 1145 1023 1176 In
1050 1143 1238 1175 Ciceronis
1268 1143 1495 1185 hexametro,
1531 1154 1635 1185 quem
1663 1154 1680 1175 e
1707 1144 1825 1175 Mario

296 1193 463 1230 poemate
496 1193 677 1230 sumptum
710 1192 894 1229 statuunt,
935 1189 1187 1230 fluctigyro
1225 1189 1364 1220 habent
1395 1188 1563 1221 German.
1596 1190 1662 1221 805
1694 1193 1730 1220 et
1760 1190 1824 1220 806

296 1234 544 1275 fluctigero
579 1234 762 1265 XVolfenb.
795 1234 937 1266 Monac.
972 1244 1052 1265 eum
1085 1234 1216 1266 ceteris
1248 1234 1362 1265 libris.
1416 1233 1577 1265 Alterum
1608 1233 1823 1265 uersiculum

295 1279 505 1311 comoediae
532 1279 662 1311 tribuit
687 1279 728 1311 L.
746 1278 900 1310 Mueller
927 1278 1063 1310 annall.
1091 1278 1230 1320 philoll,
1258 1280 1342 1311 1866
1367 1290 1400 1320 p.
1426 1280 1502 1312 399.
1617 1278 1671 1310 De
1696 1278 1822 1319 frusto,

295 1325 389 1365 quod
422 1324 518 1366 apud
543 1325 693 1356 Festum
718 1335 751 1365 p.
779 1326 843 1356 313
869 1324 918 1355 M.
945 1334 972 1355 5.
999 1334 1032 1357 u.
1061 1323 1230 1356 ‘struere’
1258 1323 1411 1365 legitur,
1437 1325 1576 1355 inserto
1608 1334 1629 1355 a
1654 1334 1708 1355 me
1741 1324 1822 1355 olim

293 1370 390 1400 inter
422 1369 602 1411 palliatae
629 1369 804 1410 reliquias
831 1369 915 1406 (inc.
944 1369 1015 1400 inc.
1042 1369 1117 1400 ϊ11).
1145 1368 1263 1410 XVI),
1295 1370 1369 1400 dixi
1397 1369 1434 1399 in
1460 1369 1653 1400 corollario
1681 1369 1725 1400 ad
1751 1372 1823 1400 tra-

293 1415 396 1455 gieos
428 1425 462 1456 p.
493 1415 625 1446 LXIII.
779 1414 883 1445 XVII
915 1414 1055 1445 Nonius
1086 1415 1168 1453 518,
1201 1416 1221 1446 8
1253 1414 1525 1455 ‘derepente
1557 1413 1766 1454 Tmpilius.

293 1440 321 1490 'E
327 1460 459 1491 nnius
501 1460 692 1490 .Af1·1nius
710 1455 885 1490 Inceudio
907 1456 990 1501 [VI]
1013 1459 1105 1490 idem
1125 1459 1161 1490 in
1180 1460 1307 1491 Omine
1327 1457 1406 1500 [ΙΙΙ]
1427 1458 1690 1490 Contendit’
1709 1468 1738 1490 e.
1748 1469 1779 1500 q.
1795 1469 1821 1490 5.

295 1505 470 1536 ‘Accius.
494 1504 684 1536 ..Nouius
706 1529 712 1535 .
735 1529 743 1536 .
764 1504 1012 1536 .'Ie1·entius.
1057 1504 1304 1545 .Pomponius
1327 1527 1334 1535 .
1371 1504 1565 1535 .Ennius.
1602 1503 1763 1535 .Varro.

293 1549 442 1585 fldem:
472 1549 711 1581 contendit
736 1549 884 1590 Lipsius
914 1548 1032 1590 Epist,
1065 1553 1208 1590 quaest.
1232 1550 1264 1581 V
1289 1550 1349 1588 253
1381 1552 1462 1590 post
1494 1527 1632 1579 einit
1656 1548 1822 1579 ultimum

291 1594 547 1635 praecedentis
574 1593 729 1635 exempli
748 1594 897 1625 uerbum
917 1593 1087 1625 excidere
1112 1594 1218 1626 item
1244 1594 1382 1636 potuit;
1411 1603 1457 1624 an
1475 1594 1698 1624 Titinius?
1720 1588 1820 1635 ‘poe-

292 1641 571 1671 tam-ueterem’
606 1639 695 1670 dicit
720 1638 908 1670 Bentleius
942 1639 987 1670 ad
1013 1639 1099 1673 Hor.
1131 1640 1235 1681 epist.
1272 1640 1286 1671 Ι
1322 1641 1358 1679 1,
1384 1638 1441 1679 28)
1497 1639 1552 1669 De
1583 1638 1664 1670 loco
1689 1638 1819 1669 Varro-

292 1685 402 1715 niano
428 1685 471 1715 de
499 1685 521 1716 l.
548 1685 591 1715 L.
620 1684 690 1716 VII
717 1685 780 1716 104
797 1684 858 1722 M„
883 1684 979 1715 unde
1007 1684 1126 1715 frusta
1152 1685 1221 1716 duo
1247 1684 1332 1716 olim
1356 1683 1414 1715 hic
1438 1682 1579 1724 (XVIII
1605 1682 1674 1725 sq.)
1700 1683 1816 1721 intuli,

292 1729 478 1771 disputaui
502 1731 540 1760 in
566 1739 655 1760 mus.
676 1729 790 1760 Rhen.
810 1729 949 1761 XXVII
974 1740 1007 1770 p.
1036 1731 1096 1761 181
1125 1738 1220 1771 sqq.:
1252 1729 1333 1760 uide
1364 1739 1458 1760 nunc
1485 1729 1649 1760 quentii
1680 1728 1723 1760 fr.
1751 1729 1820 1759 inc.

290 1774 364 1806 fab.
390 1775 439 1805 lV
532 1774 655 1806 XVIII
686 1773 826 1806 Nonius
852 1784 883 1814 p.
912 1775 994 1814 186,
1023 1776 1062 1806 10
1088 1774 1332 1806 ‘uinnulum
1364 1774 1489 1805 sensi
1518 1772 1678 1812 locum,
1704 1773 1739 1804 id
1766 1777 1822 1804 est

291 1820 573 1851 inlecebrum
604 1818 757 1850 Plautus
789 1819 960 1850 Asinaria
986 1843 1020 1852 ..
1043 1845 1050 1851 .
1078 1820 1243 1851 oratione
1275 1818 1428 1850 uinnula
1458 1818 1670 1850 uenustula’
1704 1817 1819 1859 (sen-

289 1865 474 1896 silocum
491 1865 630 1905 Iunius,
648 1864 764 1896 Nonio
783 1864 912 1895 tribuit
927 1863 1185 1904 Quicheratius
1255 1864 1583 1896 inlecebrosum
1601 1866 1699 1894 reete
1714 1862 1818 1899 idem,

289 1913 330 1940 ut
363 1910 439 1950 ipse
480 1909 631 1941 conieci.
703 1908 983 1941 inlecebram
1014 1910 1056 1940 L.
1081 1908 1251 1950 Mueller)
1285 1908 1502 1941 Oomoediae
1536 1908 1689 1939 frustum
1721 1912 1819 1949 post-

289 1965 349 1995 qu
339 1965 394 1985 am
415 1957 647 1996 agnouerunt
665 1953 898 1985 Basileenses
919 1954 1095 1993 editores
1122 1954 1237 1986 denuo
1255 1953 1433 1985 indicauit
1450 1953 1490 1984 L.
1509 1952 1665 1984 Muelle1
1681 1952 1817 1985 annall.

289 1999 427 2040 philoll.
455 2000 541 2031 1868
577 2009 609 2040 p.
635 2000 700 2030 429
861 1998 947 2029 XIX
974 1997 1102 2030 Cicero
1135 1998 1178 2030 ad
1210 1999 1371 2030 Atticum
1402 1998 1439 2029 II
1472 2000 1506 2037 1,
1538 1999 1558 2029 5
1590 2000 1673 2038 ‘ego
1705 1991 1817 2029 illam’

292 2043 486 2084 (Clodiam)
519 2043 596 2074 odi
627 2043 721 2074 male
754 2043 998 2075 consularem:
1033 2054 1082 2075 ea
1116 2046 1184 2075 est
1216 2044 1330 2075 enim
1363 2043 1605 2082 seditiosa,
1644 2053 1694 2074 ea
1727 2053 1817 2074 cum

288 2089 385 2120 uiro
412 2088 579 2120 bellum
605 2088 742 2130 gerit,
769 2099 886 2130 neque
913 2088 1026 2120 solum
1054 2098 1133 2119 eum
1160 2088 1326 2128 Metello,
1353 2088 1417 2119 sed
1444 2089 1552 2119 etiam
1578 2098 1657 2118 cum
1684 2088 1817 2119 Fabio’

288 2134 354 2169 (ea
386 2137 579 2175 utrumque
611 2133 762 2165 seclusit
786 2133 967 2164 Baiterus.
1016 2137 1083 2164 est
1111 2134 1223 2164 enim
1250 2143 1278 2167 5.
1310 2138 1352 2165 et
1379 2133 1611 2171 Schuetzius‚
1646 2133 1752 2172 bene,
1787 2133 1818 2164 51

288 2179 477 2210 Ciceronis
520 2189 637 2210 sermo
675 2177 803 2219 esset.)
865 2177 1045 2210 Comicum
1084 2189 1228 2210 uersum
1264 2179 1398 2254 primlus
1442 2178 1606 2209 enotauit
1643 2177 1814 2217 Orellius‚

287 2234 440 2265 eumque
466 2226 614 2255 secutus
642 2227 697 2254 est
722 2220 990 2263 Buechelerus,
1025 2224 1083 2265 qui
1111 2222 1211 2255 Coni.
1238 2224 1320 2257 Lat.
1350 2224 1390 2255 19
1423 2223 1497 2254 ‘uel
1523 2222 1724 2254 Caecilium
1756 2222 1817 2254 uel

286 2269 478 2300 Afranium
509 2269 546 2299 in
576 2269 795 2309 imperiosae
832 2268 1080 2310 descriptione
1114 2269 1280 2310 coniugis
1312 2269 1380 2300 hoc
1410 2278 1515 2300 usum
1545 2271 1640 2299 esse'
1672 2267 1815 2300 senario

287 2314 456 2348 coniecit
508 2313 677 2345 Conferri
707 2313 804 2345 idem
834 2314 938 2344 iubet
968 2314 1137 2345 Axionici
1168 2314 1210 2344 fi.
1243 2315 1281 2353 6,
1315 2315 1334 2345 9
1366 2309 1448 2345 οἷον
1482 2312 1631 2366 φίλερίς
1656 2310 1713 2350 τίς
1738 2307 1816 2344 ἐστι

286 2357 350 2390 καὶ
376 2353 542 2401 μάχεταί
565 2358 604 2390 τί
625 2368 688 2400 μοι
716 2368 761 2389 ex
780 2357 991 2390 Chalcidico
1018 2362 1054 2389 et
1071 2358 1263 2390 Menandri
1289 2358 1333 2393 fr
1352 2360 1429 2400 296,
1449 2359 1468 2389 6
1495 2353 1549 2400 (ἐκ
1576 2356 1649 2390 τῶν
1670 2356 1811 2400 Κυβερ-

399 2477 449 2512 21
483 2477 691 2524 parunculis
731 2477 774 2522 (is
814 2488 916 2513 corr.
961 2489 1013 2514 ea:
1049 2478 1091 2512 iis
1131 2483 1197 2513 aul
1236 2475 1288 2525 us)
1330 2477 1483 2514 Monac.
1524 2476 1735 2524 parungulis
1775 2479 1812 2520 (0

286 2545 407 2579 supra
439 2546 462 2581 g
494 2544 573 2570 scr.
603 2536 640 2569 in
675 2534 798 2570 Germ.
831 2532 926 2579 806)
960 2534 1137 2570 German.
1178 2539 1340 2581 uterque
1378 2533 1580 2581 parunculis
1622 2533 1809 2579 Wolfenb.

398 2589 482 2625 litos
514 2589 551 2636 (u
582 2601 703 2636 supra
737 2601 756 2625 ο
789 2600 866 2628 scr.
906 2592 943 2626 in
977 2590 1102 2626 Germ.
1135 2590 1230 2636 806)
1264 2590 1441 2628 German.
1483 2594 1642 2636 uterque
1758 2588 1809 2623 22

286 2645 370 2681 abiit
401 2648 543 2692 scripsi
573 2645 668 2681 habit
698 2647 799 2682 Leicl.
832 2645 903 2681 abit
935 2649 1055 2682 ceteri
1082 2647 1174 2683 libri
1286 2646 1387 2681 celox
1417 2647 1570 2691 Lipsius
1611 2644 1690 2680 0010
1721 2646 1813 2680 libri

285 2702 385 2737 colos
407 2703 568 2738 Rotleius
598 2703 678 2738 loeo
700 2703 857 2748 Maelzly
975 2702 1026 2739 23
1058 2703 1274 2739 sensilocum
1305 2703 1399 2738 Par.
1425 2701 1453 2737 0
1488 2703 1684 2737 continuat
1715 2701 1811 2736 sensi

287 2758 403 2793 10011111
443 2761 582 2805 celeri,
629 2770 737 2806 quem
783 2761 930 2794 senarii
966 2761 1026 2795 uel
1071 2761 1284 2805 septenarii
1326 2760 1469 2794 exilum
1509 2758 1634 2804 fuisse
1679 2759 1809 2793 slaczcil

286 2814 326 2849 L.
353 2815 562 2851 Muellerus
678 2814 729 2851 26
759 2817 877 2861 paulo
907 2817 1075 2851 leniores
1104 2825 1282 2851 numeros
1312 2825 1349 2849 ca
1381 2814 1606 2859 seditiosam,
1638 2825 1716 2848 cum
1748 2813 1811 2849 uel

287 2876 337 2904 051
371 2883 397 2904 s.
431 2876 460 2903 ‹11
498 2883 576 2905 cum
602 2872 798 2907 (.'ieerom's
829 2873 948 2906 nei-Im
976 2873 1190 2916 praeelmle
1222 2872 1401 2906 uidemur
