2023 3287
747 258 787 288 L.
815 256 1056 288 AFRANIVS
1582 255 1660 295 175

803 359 867 401 III
901 358 976 415 (22

914 439 1012 490 post
1043 437 1292 490 narniuero,

258 513 378 553 Nunc
415 514 477 553 est
510 513 721 553 distentu>-
755 512 922 552 {inimus
958 516 1001 553 ut
1034 514 1237 567 negotiis,

261 590 389 629 Porro
425 592 565 629 mitem
601 604 793 643 propero.

820 665 873 706 ΙΥ
911 669 974 720 ιε»)

172 726 224 766 75
1075 725 1203 779 paulo
1236 725 1352 779 prius

256 783 369 824 Hinc
402 783 518 824 ubist.

820 842 857 883 V
894 841 988 898 (19)

260 918 359 975 [Sis-l
396 920 577 959 sollicito
611 918 733 959 eorde
767 934 918 973 corpus
951 921 1037 959 min
1070 919 1233 973 potitur
1264 923 1376 960 minc
1410 920 1518 974 quic.

822 1001 883 1043 ΥΙ
917 1001 981 1056 (ὅ)

255 1080 340 1120 Cur
374 1078 550 1120 nimium
584 1078 852 1132 adpetimus?
886 1077 906 1122 H*
938 1078 1096 1119 nemini
1129 1079 1306 1119 nimium
1344 1080 1447 1120 benc
1485 1085 1560 1122 cst.

792 1166 876 1208 VII
909 1165 1005 1222 (12)

327 1278 334 1285 .
396 1259 448 1284 ne
482 1247 526 1285 ’tu
562 1244 809 1285 summatim
841 1244 1051 1285 rationem
1084 1247 1218 1298 putes.

791 1325 898 1367 VIII
932 1325 998 1382 (S)

167 1404 222 1443 80
255 1402 368 1444 Malo
402 1403 609 1457 pudenter
641 1403 887 1444 nuitientem

259 1554 421 1598 Idcirco
454 1556 557 1597 haec
590 1570 714 1611 agere
746 1557 887 1597 tecum
920 1559 1082 1598 secreto
1115 1555 1266 1599 institi.

257 1716 317 1758 Vt
349 1715 437 1758 sint
466 1715 689 1770 repentino
723 1702 994 1770 apparandae
1026 1717 1213 1771 nuptiae.

138 1857 191 1890 ΙΙΙ
218 1856 404 1889 Charisius
425 1857 459 1889 II
484 1869 516 1900 p.
540 1859 602 1889 190
622 1859 658 1890 P.
688 1860 832 1899 ‘porro
858 1868 919 1899 pro
947 1859 982 1889 in
1010 1858 1170 1890 futurum
1191 1884 1222 1890 ..
1246 1883 1253 1890 .
1272 1860 1445 1893 Afranius
1472 1862 1508 1893 in
1527 1862 1661 1894 Emaw

139 1904 276 1943 cipato:
305 1903 401 1944 post⁷
429 1914 458 1936 e.
487 1914 517 1944 q.
545 1914 571 1935 s.
666 1904 715 1935 IV
743 1902 931 1935 Charisius
957 1904 992 1935 ΙΙ
1018 1914 1052 1945 p.
1082 1906 1141 1936 191
1168 1905 1207 1936 P.
1236 1905 1384 1946 ‘paulo
1409 1907 1530 1948 prius
1556 1909 1661 1940 Afra-

137 1947 218 1979 nius
249 1948 286 1978 in
320 1948 578 1990 Emancipato:
618 1948 740 1989 paulo’
775 1958 804 1979 e.
837 1958 858 1988 q
901 1959 928 1980 s.
978 1951 1059 1980 ‘nos
1091 1949 1200 1991 paulo
1235 1953 1322 1982 ante
1356 1951 1538 1984 dicimus)
1633 1955 1663 1986 V

136 1992 346 2024 Priscianus
379 1991 427 2024 VI
462 1995 499 2024 11
533 2004 567 2035 p.
602 1994 665 2025 703
691 1994 730 2027 Ρ.
764 1994 913 2034 ‘quies
946 1994 1091 2034 quietis,
1157 1994 1406 2028 Vetustissimi
1437 2000 1555 2029 tamen
1597 1998 1662 2030 hoc

137 2047 279 2079 quoque
305 2037 501 2069 secundum
528 2048 639 2080 supra
664 2037 795 2070 dictam
823 2038 1056 2080 proferebant
1087 2039 1381 2073 declinationem.
1428 2042 1600 2074 Afranius
1626 2045 1663 2075 in

137 2083 390 2124 Emancipato:
424 2082 599 2115 sollicito’
629 2094 657 2115 e.
683 2094 715 2125 q.
743 2094 769 2115 s.
805 2082 1051 2123 (affranius
1078 2084 1230 2116 Carolir.
1327 2086 1369 2117 in
1404 2087 1465 2121 ,1.
1497 2088 1663 2120 manci-

137 2131 240 2168 pato
268 2127 376 2169 Sang.
405 2127 505 2159 Grut.
536 2129 578 2159 in
602 2126 622 2166 l
649 2128 936 2169 emancipato
968 2128 1136 2170 Carolir.)
1169 2130 1282 2161 Anon.
1311 2131 1416 2163 Bern.
1448 2132 1484 2163 in
1516 2133 1663 2174 Hageni

138 2171 231 2203 anal.
258 2172 365 2203 Helu.
393 2174 467 2210 132,
492 2174 535 2205 33
567 2170 825 2204 ‘uetustissimi
857 2173 959 2214 quies
993 2174 1116 2216 quiei
1146 2174 1342 2207 secundum
1368 2177 1529 2217 quintam
1555 2178 1663 2210 decli-

137 2219 320 2249 nationem
338 2217 591 2258 proferebant,
610 2218 704 2249 unde
722 2218 895 2249 Afranius
915 2218 1021 2250 dixit:
1048 2219 1206 2252 sollicito
1225 2244 1232 2252 .
1249 2247 1255 2253 .
1274 2245 1282 2254 .
1302 2221 1412 2262 quie.’
1498 2222 1543 2255 Vl
1565 2222 1660 2255 Cha-

136 2263 244 2293 risius
270 2261 303 2293 ΙΙ
330 2272 362 2303 p.
390 2263 453 2294 185
478 2262 518 2294 P.
547 2263 769 2296 ‘nimiunn’
866 2265 933 2295 VII
960 2263 1147 2297 Charisius
1174 2265 1207 2296 11
1240 2276 1275 2306 p.
1307 2268 1368 2298 194
1394 2267 1433 2298 P.
1459 2262 1663 2300 ‘summa-

137 2307 243 2337 tim.'
338 2307 423 2338 VIII
443 2305 631 2339 Charisius
645 2308 680 2340 II
699 2319 731 2349 p.
749 2310 812 2340 190
825 2309 865 2341 Ρ.
888 2309 1189 2349 ‘pudenter
1210 2311 1384 2343 Afranius
1403 2312 1661 2355 Emancipato:

137 2351 230 2383 malo
257 2362 290 2393 p.
317 2355 376 2384 m.'
481 2353 532 2384 IX
559 2351 746 2384 Charisius
772 2354 806 2385 II
837 2364 870 2395 p.
898 2355 961 2386 19ss
987 2355 1026 2386 Ρ.
1060 2358 1282 2387 ‘secreto’
1335 2356 1449 2396 (afra
1477 2358 1572 2397 cod.)

136 2397 168 2427 X
194 2396 379 2428 Charisius
400 2397 434 2428 11
461 2407 493 2439 p.
514 2399 576 2429 193
594 2397 633 2429 P.
662 2399 933 2440 ‘repentino‚
961 2409 1025 2440 pro
1051 2404 1221 2442 repente.
1237 2424 1243 2431 .
1259 2401 1449 2434 .Afranius
1476 2403 1512 2434 in
1531 2404 1660 2434 Eman-

251 2514 301 2550 73
334 2520 372 2550 ut
401 2516 497 2557 cod„
538 2517 594 2552 ecl.
622 2528 684 2562 pr.
726 2526 824 2552 meus
855 2517 1105 2555 Hermcmnus
1141 2521 1166 2555 l.
1206 2521 1231 2556 l.
1273 2519 1365 2557 280.
1441 2520 1570 2557 Conici
1607 2521 1661 2557 his

136 2571 197 2606 uel
230 2575 284 2606 tot
311 2574 432 2616 possit
549 2572 582 2607 ui
620 2573 756 2620 negotii
800 2573 1005 2610 Vulcanius
1042 2577 1149 2621 apud
1176 2576 1415 2612 Bondamum
1454 2588 1538 2612 uar.
1574 2579 1659 2613 lect.

131 2638 172 2671 p.
196 2626 275 2663 236
392 2628 443 2663 77
477 2629 679 2664 trochaeos
700 2639 802 2664 nunc
823 2630 1003 2675 discripsi
1031 2631 1080 2665 sic
1103 2633 1268 2677 exempli
1298 2643 1417 2667 causa
1449 2637 1660 2677 praemisso

249 2684 386 2730 potitur
416 2683 489 2729 (tur
527 2687 563 2720 in
603 2683 697 2731 νας.)
731 2685 846 2720 Halb.
965 2697 1058 2721 nunc
1088 2688 1158 2723 del.
1194 2689 1364 2733 Bolleius,
1408 2693 1446 2723 ut
1484 2693 1662 2726 senarius

136 2740 246 2784 fieret
390 2740 440 2776 78
473 2741 684 2788 adpetimus.
718 2740 749 2774 R
784 2743 864 2777 cod.
1011 2742 1060 2777 79
1093 2744 1182 2779 ratio
1221 2749 1326 2791 putes
1366 2745 1446 2779 cod.
1487 2746 1660 2781 rationem

137 2800 240 2840 putas
271 2795 494 2842 Fabricius,
526 2797 803 2833 Fleckeisenus
833 2797 966 2833 Plzilol.
999 2798 1046 2834 II
1074 2798 1125 2835 65
1157 2800 1203 2835 de
1229 2802 1426 2845 particula
1459 2811 1502 2835 ne
1533 2802 1662 2848 dispu-

137 2865 224 2913 tans
308 2862 362 2900 80
392 2865 623 2900 mentientem
648 2865 861 2910 Fabricius,
881 2859 1191 2912 fortassc'recte.
1282 2867 1332 2904 81
1354 2854 1386 2903 h
1411 2864 1450 2916 (i.
1484 2878 1515 2904 e.
1557 2869 1657 2917 haec)

139 2917 219 2953 cod.
