2023 3287
808 254 1019 287 T1T1N1vs
1606 255 1682 294 157

829 356 891 397 IX
925 356 1018 412 (16)

165 431 359 472 10907031'
389 433 468 473 erit
500 433 576 473 tibi
610 433 888 487 mutandum,
920 434 1049 475 facito
1083 449 1214 488 usque
1248 434 1500 475 exuibrisses
1534 469 1540 476 .
1575 469 1582 476 .
1617 469 1625 476 .

836 532 875 573 X
908 532 1003 589 (12)

278 608 501 650 11'6111inina,
535 609 726 649 faibularc
761 611 1004 651 succrotilla.
1037 611 1199 651 Uocula.

847 709 908 751 XI
942 709 1007 766 (2)

1290 789 1410 829 caue!

164 862 474 917 172¹Exp6rgc
507 865 710 917 frontem,
743 863 865 903 laibea
897 878 1063 918 semper
1094 865 1224 905 facito
1258 865 1365 905 rictu
1400 864 1551 906 rideat.

814 963 899 1005 XII
932 961 1026 1018 (15)

1290 1042 1576 1096 tentipellium

278 1115 515 1172 inducitur7
547 1130 677 1171 rugae
711 1118 781 1158 ore
815 1117 1102 1158 extenduntur

821 1211 928 1252 xm
960 1210 1025 1267 (9)

164 1287 244 1327 175
278 1320 285 1327 .
349 1321 356 1328 .
420 1321 427 1328 .
491 1320 498 1328 .
560 1287 776 1329 hominem
809 1286 1068 1342 improbum!
1102 1303 1216 1330 nunc
1248 1289 1335 1330 ruri
1369 1291 1680 1344 pergraecetur.

159 1440 299 1471 bilitcr:
335 1440 384 1472 cf.
418 1441 463 1472 at]
497 1440 646 1472 Setiuae
682 1441 725 1475 sr.
752 1441 806 1473 III
838 1441 936 1482 adn.)
1081 1441 1132 1473 IX
1164 1442 1271 1473 Pauli
1306 1443 1438 1475 Festus
1476 1454 1509 1484 p.
1541 1445 1606 1475 370
1638 1444 1687 1478 M,

161 1486 433 1517 ‘uibrissare
459 1489 513 1517 est
538 1496 663 1518 uocem
690 1486 726 1517 in
744 1486 925 1518 cantando
945 1487 1116 1528 crispare.
1166 1487 1365 1519 Titinnius:
1392 1489 1422 1519 si
1449 1490 1534 1520 erit'
1554 1494 1584 1522 e.
1605 1500 1637 1530 q.
1660 1499 1686 1520 s,

249 1531 278 1561 X
306 1531 439 1562 Festus
465 1541 498 1572 p.
525 1533 587 1563 301
615 1530 662 1562 M.
692 1529 1010 1573 ‘[succr0tilla]
1042 1532 1159 1563 tenuis
1188 1531 1394 1573 diceba[tur
1427 1537 1463 1564 et
1489 1533 1563 1564 alta
1589 1532 1684 1575 uox.]

158 1575 393 1606 Titinnius
419 1576 461 1606 in
481 1599 622 1608 ......
641 1574 847 1617 [feminina]
870 1576 1075 1608 fabulare
1103 1575 1367 1618 succro[tilla
1386 1578 1529 1610 uocula.
1569 1577 1687 1619 Afra]-

158 1620 252 1651 nius'
284 1630 313 1651 e.
346 1630 377 1661 q.
415 1630 441 1651 S.
500 1620 637 1652 Paulus
670 1631 701 1661 p,
733 1622 798 1653 300
830 1622 877 1652 M.
908 1615 1193 1653 ‘succrotilla
1226 1633 1326 1661 uox,
1365 1623 1485 1654 tenuis
1522 1626 1559 1654 et
1597 1623 1684 1657 alta.

158 1665 359 1696 Titinnius:
386 1665 562 1697 feminina
588 1676 615 1700 s,
643 1668 689 1697 u.'
785 1665 836 1697 XI
862 1666 999 1697 Nonius
1017 1668 1094 1706 221,
1118 1667 1158 1698 15
1176 1667 1332 1698 ‘rictus
1359 1668 1501 1708 generis
1522 1672 1577 1699 est
1595 1678 1686 1700 mas-

158 1709 282 1742 culini.
338 1710 514 1741 Titinius:
548 1719 636 1741 caue
664 1734 670 1740 .
696 1734 703 1742 .
729 1734 736 1741 .
762 1710 886 1742 rictus.
935 1711 1024 1742 ricta
1056 1711 1192 1743 neutri’
1229 1722 1259 1745 e.
1287 1723 1318 1753 q.
1345 1722 1371 1743 s.
1427 1713 1527 1744 Idem
1552 1715 1639 1749 456,
1669 1715 1683 1744 1

159 1755 332 1785 ‘rictum
360 1755 516 1787 ferarum
542 1755 615 1786 dici
640 1755 782 1792 uolunt,
811 1765 889 1786 cum
908 1755 1069 1787 Titinius
1087 1760 1214 1788 auctor
1232 1758 1279 1788 sit
1304 1757 1413 1788 etiam
1432 1757 1590 1789 hominis
1614 1758 1685 1789 clici

158 1798 308 1830 debere:
335 1802 439 1831 caue’
466 1810 495 1831 e.
517 1810 549 1841 q.
568 1810 594 1831 s.
645 1799 861 1840 (Titinius
889 1800 1054 1832 Caeco:
1082 1811 1274 1843 exporge
1303 1803 1397 1833 coni.
1424 1802 1683 1834 Neukirchius.

157 1843 272 1875 Multo
293 1844 518 1885 probabilius
537 1845 579 1875 (le
597 1843 714 1876 Cane
736 1845 841 1877 titulo
860 1845 1006 1877 fabulae
1025 1845 1194 1887 cogites.)
1266 1846 1336 1878 XII
1355 1847 1486 1878 Festus
1505 1858 1536 1889 p.
1556 1849 1622 1879 364
1639 1848 1672 1878 M

159 1889 485 1929 ‘tentipellium
511 1890 676 1921 Artorius
706 1894 812 1931 putat
837 1900 919 1922 esse
946 1890 1226 1922 calciamentum
1254 1891 1444 1931 ferratum,
1478 1902 1547 1934 quo
1573 1892 1684 1933 pelles

157 1933 398 1965 extenduntur
423 1956 466 1960 —
491 1951 533 1956 -
560 1935 737 1966 Titinium
764 1935 830 1966 ait’
857 1933 925 1975 (sic
941 1935 1107 1968 Ursinus.
1128 1938 1277 1967 ‘autem’
1298 1937 1465 1968 Vaticani
1483 1938 1554 1978 RS,
1583 1938 1685 1979 Pius)

153 1972 317 2010 ‘Verrius
335 1979 545 2010 existimare
564 1979 601 2010 id
628 1979 927 2011 medicamentum
947 1990 1047 2019 esse,
1075 1991 1144 2022 quo
1169 1991 1281 2022 rugae
1301 1981 1553 2020 extendantur,
1581 1993 1685 2023 quom

157 2024 275 2055 dicat:
307 2024 566 2065 tentipellium'
599 2034 629 2055 e.
657 2035 687 2066 q.
719 2034 746 2056 s.
797 2027 919 2065 ‘quom
945 2025 1005 2056 ille
1032 2025 1215 2066 τροπικῶς
1239 2026 1398 2060 dixerit.’
1440 2021 1684 2068 τετάνωθρον

160 2078 242 2100 esse
260 2069 398 2100 monuit
415 2069 582 2110 Scaliger
597 2069 699 2101 Coni.
719 2070 757 2100 in
769 2069 873 2101 Varr.
901 2081 934 2111 p.
952 2071 1015 2103 138
1107 2071 1195 2102 XIII
1221 2071 1327 2102 Pauli
1345 2072 1476 2103 Festus
1503 2083 1535 2113 p.
1555 2074 1619 2103 215
1636 2072 1685 2103 M.

159 2115 465 2155 ‘pergraecari
487 2118 542 2146 est
558 2114 673 2156 epulis
692 2118 728 2145 et
747 2115 997 2156 potationibus
1015 2116 1205 2160 inseruire.
1256 2116 1460 2148 Titinnius:
1486 2116 1682 2148 liominem'

160 2266 313 2302 Sueten.
347 2267 441 2303 Ner.
475 2267 525 2303 51
558 2268 629 2302 sint
667 2273 702 2303 el
740 2268 826 2304 dicis
856 2269 945 2304 libri
979 2271 1155 2317 plerique
1185 2271 1239 2305 sin
1272 2276 1307 2306 et
1344 2270 1430 2306 dicis
1464 2272 1598 2308 Bamb.
1630 2274 1683 2308 sin

153 2309 275 2358 §dices
307 2323 408 2359 Leicl.
445 2323 521 2359 116
564 2324 773 2370 synthetieis
810 2325 1025 2362 Palmerius
1056 2326 1232 2373 Spicilcy.
1265 2339 1327 2373 ap.
1360 2328 1468 2363 Gral.
1508 2328 1571 2364 JV
1605 2329 1683 2364 779

273 2379 350 2415 169
382 2389 438 2426 sq.
471 2380 730 2426 septenariam
762 2382 998 2418 trochaicam
1028 2384 1229 2428 discripsi,-
1259 2386 1434 2419 senarios
1464 2385 1492 2419 si
1523 2386 1590 2419 erit
1623 2384 1684 2420 tibi

158 2434 375 2471 (lantiindum
399 2436 648 2472 Her-mannus
667 2438 691 2471 l.
713 2438 738 2472 l.
762 2437 841 2473 276
923 2437 1000 2473 172
1033 2449 1117 2474 caue
1137 2439 1243 2484 libri,
1277 2442 1346 2475 aia:
1367 2445 1482 2475 recte.
1537 2440 1686 2476 Conieci

159 2503 224 2539 age
247 2493 307 2527 uel
329 2491 472 2526 callide:
506 2493 573 2527 sed
592 2494 677 2527 aide
708 2504 842 2539 supra.
885 2493 984 2529 calue
1016 2495 1286 2538 Qm'clzeratias
1404 2491 1499 2531 172ι
1534 2496 1686 2531 excordc

156 2548 245 2583 libri
270 2560 308 2593 p.
332 2547 412 2583 456
520 2546 617 2582 laben
647 2550 789 2594 scripsi
817 2548 931 2584 labent
961 2551 1050 2585 libri
1076 2562 1115 2596 p.
1147 2550 1227 2586 456
1261 2550 1387 2586 habeat
1415 2553 1504 2587 libri
1530 2564 1568 2597 p.
1603 2552 1680 2586 221

157 2614 201 2638 ne
233 2603 356 2639 habeat
380 2603 627 2639 Hermanmcs
657 2606 681 2639 l.
712 2606 737 2639 l.
772 2604 877 2639 lateat
911 2606 1170 2642 Nealcirclmcs
1287 2607 1391 2642 facito
1427 2608 1558 2643 Iunius
1590 2608 1681 2643 sacto

156 2683 261 2727 libri,
295 2684 369 2718 nisi
397 2683 497 2729 qaod
527 2663 617 2717 fileto
647 2682 769 2718 Ursin.
794 2682 1015 2727 308‘factos
1037 2685 1129 2720 Par.
1161 2684 1191 2727 Q
1220 2696 1257 2730 p.
1283 2684 1360 2720 221
1451 2687 1542 2721 rictu
1573 2686 1683 2721 rident

164 2737 290 2774 Urbin.
323 2739 433 2774 rictus
464 2738 575 2774 rideat
606 2738 698 2774 Par.
730 2738 758 2781 O
783 2751 825 2785 p.
855 2738 934 2774 221
968 2741 1078 2775 rictus
1113 2743 1232 2776 ceteri
1260 2742 1370 2786 libri,
1402 2744 1503 2788 quod
1533 2745 1615 2778 olim
1646 2746 1682 2777 in

159 2799 328 2831 extremo
359 2797 547 2831 octonarii
580 2796 677 2840 pede
714 2806 986 2841 seruauerant,
1026 2799 1135 2832 caius
1165 2798 1212 2832 ab
1252 2799 1355 2833 initio
1394 2803 1472 2833 tres
1510 2799 1683 2845 syllabae

158 2851 344 2886 deessent.
465 2850 542 2886 174
574 2850 755 2886 inducitur
786 2853 867 2887 cod.
900 2851 1038 2887 inducis
1061 2852 1155 2888 Pius
1269 2864 1378 2900 rugae
1401 2855 1434 2889 in
1467 2865 1529 2889 ore
1561 2861 1681 2891 exten-

159 2904 293 2940 duntur
324 2908 420 2953 eod„
450 2918 524 2952 pro
555 2909 780 2955 qlossemate
810 2909 924 2944 leabec
946 2909 1202 2946 Forcellim'as

7 3220 14 3287 i
