2023 3287
821 248 1031 282 T1T1N1vs
1611 247 1687 287 147

852 351 911 393 VI
946 350 1011 407 (4)

287 430 364 470 Dic
398 428 531 483 istud,
564 442 740 482 quaeso:
775 429 880 480 quor
912 430 953 467 *w
986 425 1213 468 auortisti‘?
1247 427 1326 466 inei
1360 425 1541 474 fastidis,

289 506 409 546 Meae
443 504 644 545 deliciae?

805 579 1058 627 QVINTVS

871 655 889 695 Ι
924 658 988 710 ((3)

196 736 252 777 95
922 747 946 772 a
979 732 1161 773 stultitia
1193 731 1405 786 cupidinis

285 811 444 852 Petunt
476 811 721 864 consilium,
753 809 867 850 bona
898 809 1109 850 bonorum
1143 809 1282 864 gratia

289 887 416 928 Parui
449 890 496 928 ut
527 887 721 928 saciatur.

859 956 901 997 H
934 955 998 1011 (4)

285 1034 351 1076 Ita
384 1034 497 1075 enim
529 1034 591 1075 uti
623 1048 719 1075 eum
753 1035 922 1087 oportet
953 1031 1215 1087 libertatem,
1248 1032 1324 1087 qus
1354 1034 1475 1087 sapit.

163 1164 340 1196 Psaltria:
368 1163 621 1204 contemplari’
648 1173 677 1194 e.
704 1172 736 1203 q.
763 1172 790 1197 s,
884 1162 933 1193 VI
958 1163 1097 1194 Nonius
1122 1163 1199 1202 496,
1228 1164 1269 1194 13
1296 1162 1557 1204 ‘genetiuus
1584 1174 1690 1195 casus

163 1210 302 1251 positus
329 1219 392 1250 pro
417 1209 643 1240 aecusatiuo.
690 1208 850 1239 Titinius
876 1207 1056 1239 Psaltria:
1090 1208 1181 1239 diois
1207 1210 1260 1238 tu’
1289 1218 1320 1242 e,
1348 1219 1379 1249 q.
1408 1218 1436 1242 s.
1463 1206 1620 1249 (altria
1645 1209 1689 1239 W

169 1254 338 1286 saltria
365 1253 479 1285 ceteri
504 1252 588 1284 libri
614 1252 819 1284 Psaltria
844 1252 991 1291 Aldina)

253 1299 421 1338 vaTvs
470 1297 486 1328 Ι
511 1297 650 1329 Nonius
675 1298 758 1337 507,
787 1299 826 1328 16
859 1297 1054 1329 ‘facitur
1087 1307 1150 1339 pro
1182 1296 1222 1328 fit
1246 1324 1253 1331 .
1275 1322 1310 1330 ..
1339 1298 1501 1331 Titinius
1535 1299 1689 1340 Quinto:

163 1344 338 1376 stultitia’
372 1353 402 1374 e.
430 1353 461 1384 q.
491 1353 517 1376 s.
568 1342 780 1374 Priscianus
806 1343 836 1373 V
862 1345 881 1375 3
914 1353 946 1384 p.
973 1343 1037 1374 789
1063 1342 1103 1373 Ρ.
1139 1342 1330 1374 ‘facitur
1361 1353 1503 1385 quoque
1537 1354 1558 1375 a
1592 1344 1691 1376 facio

163 1399 225 1431 pro
251 1388 290 1420 fit
322 1387 550 1430 protulerunt
582 1390 752 1418 auctores
778 1412 785 1419 .
806 1412 835 1420 ..
861 1387 1022 1419 Titinius
1057 1387 1092 1418 in
1118 1387 1272 1426 Quinto:
1311 1389 1517 1420 eonsilium'
1545 1400 1575 1421 e.
1605 1399 1636 1430 q.
1664 1399 1690 1420 S.

163 1434 440 1474 (Tintinnius
473 1432 581 1464 Halb.
684 1433 853 1472 Quinto
886 1432 1083 1464 Putsehius
1117 1449 1123 1456 ·
1150 1433 1177 1462 V
1204 1448 1210 1454 ·
1245 1433 1326 1463 libri
1365 1435 1523 1474 quinto
1556 1434 1691 1466 Aldina

163 1478 318 1519 Veneta)
351 1477 448 1510 Idem
474 1477 561 1509 VIII
587 1478 606 1508 6
630 1487 663 1518 p.
682 1478 744 1509 801
766 1477 804 1510 P.
832 1477 985 1517 ‘facio,
1013 1477 1179 1518 quamuis
1195 1478 1438 1510 uetustissimi
1465 1480 1579 1510 etiam
1605 1489 1690 1520 pas-

161 1524 240 1555 siue
259 1523 326 1554 hoc
346 1521 542 1564 protulisse
560 1522 806 1555 inueniantur.
856 1522 1016 1553 Titinius
1035 1522 1072 1553 in
1091 1522 1246 1562 Quinto:
1264 1522 1395 1554 bonum
1415 1524 1549 1565 gratia*
1567 1535 1596 1555 e.
1613 1535 1644 1565 q.
1662 1534 1691 1555 s.

163 1569 345 1609 (Quinto
377 1567 569 1599 Putsehius
595 1568 624 1598 V
658 1567 743 1598 libri
775 1567 930 1608 quinto
957 1567 1101 1599 Veneta
1127 1567 1160 1606 2)
1298 1568 1334 1599 II
1360 1569 1499 1600 Nonius
1525 1570 1614 1609 481,
1651 1571 1690 1600 19

163 1613 447 1645 ‘libertatem
489 1612 554 1644 uti
590 1622 653 1653 pro
691 1612 744 1643 uti
781 1612 963 1646 libertate.
1022 1612 1178 1643 Titinius
1209 1611 1283 1643 lib.
1317 1613 1363 1644 V:
1403 1614 1504 1645 item'
1539 1625 1568 1646 e.
1603 1625 1635 1655 q.
1664 1624 1690 1646 S.

161 1731 260 1767 iubet
291 1742 346 1766 ine
381 1732 522 1776 potuit,
561 1733 634 1766 nisi
667 1730 773 1776 forte
812 1730 1050 1777 contemplaui
1089 1731 1330 1767 scribendum
1363 1736 1418 1767 est
1553 1732 1603 1768 93
1636 1732 1691 1767 dic

161 1787 256 1823 istud
280 1787 560 1832 Nculcirclzius,
592 1789 657 1833 qui
687 1791 811 1823 tamen
832 1789 1008 1823 senarios
1032 1789 1175 1833 posuit.
1227 1786 1314 1823 dicis
1348 1793 1385 1822 tu
1405 1789 1503 1824 libri.
1558 1788 1689 1824 Prima

161 1844 310 1890 syllaba
331 1853 506 1878 mancum
522 1845 784 1888 septenarium
805 1841 829 1887 (.
849 1841 904 1877 dic
921 1840 1028 1889 istud)
1048 1845 1130 1879 olim
1149 1848 1371 1879 statueram.
1431 1845 1494 1880 Vel
1515 1847 1691 1880 senarios

162 1899 216 1935 (lic
237 1898 333 1934 istud
356 1926 364 1934 .
390 1926 397 1934 .
424 1926 430 1931 .
454 1899 520 1933 mei
544 1897 717 1945 Fastidis,
749 1910 794 1937 111,
818 1897 852 1933 d.
878 1909 960 1934 esse
982 1901 1043 1935 uel
1065 1902 1303 1935 octonariam
1325 1901 1573 1945 trochaicum,
1608 1901 1640 1936 si
1657 1905 1690 1935 te

161 1956 374 1998 deleretur,
410 1955 603 2001 Berylcius
635 1956 781 1990 annall.
810 1955 954 2001 plciloll.
991 1955 1098 1992 1870
1125 1968 1164 2001 p.
1198 1955 1278 1992 8⁶26
1311 1957 1383 1992 sibi
1408 1959 1606 2002 persuasit

161 2022 252 2058 quor
283 2013 441 2057 scripsi,
473 2015 513 2046 ut
534 2011 786 2059 Kicsslinyius
817 2013 961 2048 annall.
992 2012 1138 2058 plu'loll.
1171 2011 1277 2048 1868
1307 2024 1348 2058 p.
1381 2012 1461 2049 630
1493 2015 1529 2048 in
1564 2013 1693 2049 Plauti

165 2068 396 2103 Truculento
418 2067 462 2102 ΙΙ
482 2066 521 2113 4,
545 2067 566 2102 7
591 2072 625 2102 ct
647 2078 731 2103 cum
752 2068 1005 2104 Fleckciscno
1027 2070 1065 2103 in
1086 2069 1270 2114 Amphitr.
1294 2067 1373 2105 899
1398 2071 1549 2105 restitui
1568 2072 1687 2106 iussit.

162 2134 232 2170 quo
265 2123 401 2159 Bamb.
433 2133 525 2170 quoa
557 2126 676 2160 ceteri
704 2125 794 2159 libri
906 2124 1070 2159 auortisti
1102 2125 1242 2160 Aldina
1275 2124 1440 2160 abortisti
1470 2126 1578 2169 libri,
1618 2129 1693 2163 nisi

162 2180 262 2226 quod
291 2178 482 2214 obuertisti
512 2179 639 2217 Palat.
760 2179 894 2216 fastidis
929 2180 1063 2217 Bamb.
1094 2180 1245 2216 sastitlisi
1287 2181 1334 2216 W
1361 2180 1537 2217 fastidissi‘
1571 2186 1691 2219 ceteri

162 2235 251 2270 libri
282 2234 448 2269 fastidisti
479 2235 652 2271 Rothius.
712 2236 823 2272 Latet
850 2236 1023 2283 fortasse
1061 2238 1099 2272 in
1128 2238 1312 2273 librorum
1350 2240 1548 2284 scriptura
1580 2249 1690 2284 repc-

163 2293 266 2326 titum
289 2292 448 2326 alterius
469 2300 606 2327 uersus
626 2293 729 2328 initio
751 2291 826 2327 die.—
857 2305 906 2328 an
928 2293 978 2328 sie
1000 2292 1136 2328 fastidis
1168 2294 1439 2329 scribendum?
1554 2294 1605 2330 94
1629 2295 1688 2330 ‹le-

162 2347 262 2382 liciae
301 2346 436 2381 Bamb.
475 2345 616 2382 delitiae
656 2350 776 2383 ceteri
809 2350 900 2384 libri
1023 2348 1074 2384 95
1116 2360 1134 2382 a
1171 2351 1331 2395 scripsi,
1371 2362 1440 2385 om.
1478 2351 1582 2395 libri,
1623 2353 1692 2387 sed

163 2407 293 2450 quanta
331 2401 482 2437 stultitia
513 2403 671 2450 Aldina,
705 2404 955 2441 Hcrmannus
985 2406 1008 2440 l.
1040 2406 1065 2440 l.
1101 2404 1180 2441 273
1214 2403 1348 2453 (Titini.)
1383 2412 1513 2453 quanta
1553 2411 1596 2442 st.
1630 2409 1687 2443 cd.

157 2461 286 2504 princ.
318 2457 416 2503 (Tit.)
453 2458 487 2493 in
520 2458 578 2493 Vl:
616 2465 747 2506 quanta
777 2466 821 2496 st.
856 2462 911 2498 ccl.
947 2460 1052 2497 1476
1171 2461 1222 2497 96
1255 2461 1347 2497 bonu
1377 2461 1555 2497 honorum
1588 2464 1688 2499 Her-

162 2525 324 2550 mannus
363 2513 453 2549 bona
487 2515 650 2561 Nonius,
689 2516 915 2552 Priscianus
946 2517 1120 2553 Putscltii
1144 2529 1184 2563 p.
1219 2517 1297 2554 801
1331 2517 1463 2553 bonum
1496 2518 1692 2555 Prisciani

164 2571 272 2606 codd.
303 2572 387 2606 loco
420 2575 580 2617 utroque
696 2571 747 2607 97
779 2573 878 2619 parui
912 2578 950 2608 ut
971 2574 1166 2609 Prisciani
1196 2575 1302 2609 codd.
1330 2576 1507 2620 plerique
1535 2586 1574 2619 p.
1606 2575 1684 2611 801

163 2627 262 2673 parui
302 2631 361 2672 ut,
400 2627 520 2662 deleto
560 2632 599 2661 ut
637 2639 684 2662 m.
723 2629 802 2672 alt.,
844 2628 960 2676 Sanq.
1009 2630 1141 2665 ibidem
1182 2634 1220 2664 ut
1264 2631 1364 2676 parui
1405 2630 1550 2666 Nonius
1587 2632 1688 2678 parui

164 2682 357 2718 Prisciani
386 2683 492 2717 codd.
519 2694 561 2728 p.
596 2682 674 2718 789
708 2680 794 2726 (nisi
822 2686 922 2730 quod
959 2695 1068 2731 parua
1100 2685 1247 2732 Bamb.)
1282 2690 1317 2721 ct
1352 2686 1468 2733 Bonss.
1493 2685 1572 2722 801

165 2737 335 2774 saciantur
357 2737 471 2786 Sanq.
494 2739 589 2786 Rcy.
612 2751 657 2773 m.
684 2739 703 2773 1
730 2739 862 2775 Bamb.
887 2739 1000 2776 Halb.
1024 2750 1070 2775 m.
1100 2742 1116 2775 1
1143 2741 1304 2776 Carolir.
1329 2742 1527 2777 Prisciani
1543 2754 1582 2789 p.
1606 2743 1685 2779 801

275 2794 327 2830 98
358 2794 405 2829 ita
427 2795 519 2830 enim
541 2797 682 2841 scripsi
701 2796 784 2830 item
805 2796 894 2831 libri
1008 2807 1087 2831 euin
1112 2793 1273 2845 oportet]
1294 2808 1376 2832 cum
1409 2803 1531 2844 portet
1553 2798 1687 2835 Bamb.

274 2850 321 2885 ita
351 2855 391 2885 ut
412 2860 492 2885 eum
524 2855 669 2898 oportet
700 2851 882 2887 Botliius:
921 2863 970 2887 an
1010 2853 1056 2887 ita
1089 2864 1168 2887 eum
1208 2852 1259 2888 mi
1299 2854 1466 2900 oportet?
1582 2854 1688 2890 liber-

166 2909 272 2940 tatem
305 2904 365 2952 qui
403 2907 493 2953 sapit
528 2907 687 2943 Botliius
718 2910 910 2955 coniunffl'l

1355 2973 1418 3006 ιοἲἈΔ
