2023 3287
293 279 379 319 282
818 281 1033 313 DEOEMVs
1059 281 1297 315 LAssffluvs

813 446 819 450 Ι
938 384 1171 427 ΟΑΝΟΕΒ

408 459 497 501 Nes·
531 458 845 515 Pythagoream
879 461 1079 517 (logmam
1112 462 1260 504 doctus

933 572 1164 616 CARCER

407 649 548 690 Homo
580 649 695 704 frugi
729 647 824 705 [es1]
858 650 970 705 quod
1003 649 1083 692 tsbi
1123 651 1315 693 relictum
1354 655 1419 693 est
1457 652 1613 692 retines
1654 652 1814 693 miseri-

1350 728 1553 769 llllillilllll.

869 803 1239 846 CATVLARIVS

988 881 1009 921 Ι
1042 879 1108 936 (1)

690 958 770 1011 ego
802 958 990 999 mirabar
1023 958 1105 1012 quo
1138 958 1265 1000 modo
1298 959 1507 999 mammae
1541 958 1643 1000 mihi

319 1034 376 1074 ‘20
407 1032 784 1076 Descendiderant.

376 1197 521 1230 Crixcm
571 1199 784 1231 Priscianus
810 1200 860 1231 VI
886 1202 905 1231 2
938 1211 972 1241 p.
997 1201 1062 1232 679
1088 1201 1127 1232 Ρ.
1159 1203 1305 1233 ‘neutra
1339 1200 1502 1232 eiusdem
1528 1200 1811 1232 terminationis’

288 1243 337 1283 (a)
364 1243 525 1275 ‘Graeca
558 1247 643 1275 sunt
674 1248 711 1276 et
742 1244 869 1275 addita
903 1246 949 1276 tis
982 1245 1125 1277 faciunt
1155 1245 1538 1287 genetiuum...haec
1569 1248 1692 1277 tamen
1719 1246 1813 1276 anti-

287 1289 453 1328 quissimi
478 1289 675 1320 secundum
709 1291 859 1330 primam
894 1290 1177 1322 declinationem
1211 1301 1323 1332 saepe
1351 1290 1579 1332 protulerunt
1604 1293 1640 1322 et
1666 1291 1812 1332 generis

286 1334 728 1366 seminini....Laberius
753 1335 790 1365 in
817 1333 976 1366 Cancro:
1002 1330 1080 1367 nec’
1106 1346 1137 1367 e.
1165 1346 1195 1377 q.
1224 1345 1250 1367 s.
1300 1335 1526 1375 (Liberius
1551 1335 1635 1366 libri
1668 1338 1813 1376 praeter

284 1378 522 1419 Heidelberg.
618 1389 804 1419 crancro
829 1377 986 1422 Amien.)
1035 1381 1245 1422 Anonymus
1270 1380 1464 1411 Bernensis
1489 1380 1527 1411 in
1552 1380 1699 1422 Hageni
1725 1390 1812 1411 ana-

284 1423 395 1454 lectis
420 1423 626 1462 Helueticis
651 1435 684 1466 p.
704 1425 757 1461 98,
777 1425 820 1456 33
846 1425 1042 1456 <Laberius
1069 1425 1399 1467 Pythagoream
1425 1425 1621 1466 dogmam
1650 1424 1812 1457 doctus

285 1479 349 1509 pro
382 1467 512 1508 dogma
545 1469 694 1510 posuit.’
726 1469 822 1500 idem
854 1480 887 1511 p.
916 1471 991 1506 109,
1018 1472 1038 1502 3
1071 1470 1269 1502 ‘Laberius
1300 1480 1387 1502 uero
1414 1469 1523 1501 dixit:
1558 1471 1599 1502 P.
1624 1469 1657 1501 d.
1682 1469 1812 1501 doctus

285 1515 369 1545 est!
419 1513 474 1545 Cf.
501 1513 571 1547 inc.
600 1514 674 1546 fab.
698 1514 796 1547 XXI.

376 1556 524 1589 CARCER
570 1558 710 1590 Nonius
727 1560 805 1599 214,
823 1561 866 1591 20
892 1560 1113 1600 ‘miseria,
1133 1563 1172 1591 ut
1190 1570 1319 1602 saepe,
1338 1560 1484 1601 generis
1504 1559 1680 1592 feminini.
1717 1559 1812 1591 Neu-

283 1603 328 1633 tri
356 1603 539 1634 Laberius
565 1604 738 1636 Carcere:
764 1603 881 1636 homo*
908 1615 939 1636 e.
967 1615 999 1646 q.
1027 1615 1054 1638 S.

374 1648 627 1690 CA'rx'LARIVS,
654 1659 701 1681 sc.
727 1649 854 1680 mimus
879 1650 1081 1691 interprete
1106 1649 1309 1681 Ritscbelio
1335 1650 1486 1691 Parerg.
1511 1650 1527 1681 I
1556 1650 1615 1680 141
1687 1649 1704 1680 I
1729 1647 1812 1680 Gel-

282 1692 353 1724 lius
377 1693 427 1724 VI
454 1692 552 1731 (VII)
580 1695 616 1732 9,
644 1695 684 1726 18
711 1694 895 1725 ‘Valerius
920 1695 1051 1726 Antias
1084 1696 1120 1726 in
1154 1695 1247 1726 libro
1279 1695 1514 1726 historiarum
1540 1694 1673 1726 LXXV
1698 1695 1812 1726 uerba
1846 1720 1848 1724 .

282 1737 375 1769 haec
393 1738 558 1779 scripsit:
588 1739 719 1771 deinde
739 1739 866 1771 funere
885 1739 1007 1772 locato
1027 1740 1073 1771 ad
1100 1740 1214 1772 forum
1235 1739 1477 1773 descendidit.
1517 1739 1697 1771 Laberius
1724 1750 1811 1781 quo-

283 1816 350 1847 que
377 1806 414 1837 in
442 1805 632 1838 Catulario
659 1806 713 1837 ita
737 1807 905 1848 scripsit:
931 1817 999 1849 ego
1024 1807 1196 1839 mirabar'
1223 1818 1254 1839 e.
1284 1818 1321 1850 q.
1347 1817 1374 1839 S.
1429 1806 1641 1855 Valerius
1668 1790 1709 1850 ἃς
1759 1808 1809 1838 in

1413 1862 1422 1872 ι
1468 1858 1477 1875 l
1530 1862 1539 1871 ι
1642 1857 1658 1875 Ο
1678 1860 1694 1877 Ο

282 1883 516 1916 catulario
549 1885 614 1916 ita
647 1885 838 1927 scripsit
870 1884 961 1927 Ego
991 1886 1187 1918 mirabar
1219 1885 1299 1927 qfio
1330 1896 1423 1918 mea
1455 1896 1488 1917 m
1521 1896 1581 1917 me
1614 1886 1700 1927 (qm
1731 1886 1810 1918 on'ii

282 1929 877 1972 amemichiReg.)ualerias
897 1929 1373 1966 ancia...desf:ndidit‚
1415 1930 1807 1979 Nauerius(aeriu'

281 1976 455 2040 Reg.){'1;
487 1997 773 2029 incatulario
804 1998 869 2029 ita
901 1999 1092 2040 scripsit
1122 1998 1214 2040 Ego
1240 1999 1438 2030 mirabar
1469 2002 1545 2040 qfio
1578 2009 1749 2030 mamme
1775 1983 1808 2031 rii

281 2048 512 2089 (quomodo
537 2042 606 2080 nia
631 2059 692 2080 me
718 2049 849 2080 michi
876 2047 978 2091 Reg.)
1004 2050 1086 2081 Vat.
1113 2049 1201 2091 Reg.
1230 2060 1296 2083 om.
1324 2050 1424 2082 Rott.
1488 2049 1696 2081 Valerius
1720 2050 1807 2081 item

278 2236 332 2272 H.
362 2238 412 2272 K.
492 2237 624 2273 credidi
652 2240 814 2274 inseruit
842 2238 1046 2287 Berqlcius,
1069 2251 1138 2275 om.
1161 2240 1240 2276 cod.
1300 2239 1403 2275 Idem
1421 2250 1614 2286 personas
1635 2241 1808 2276 distinxit

278 2304 532 2340 numerosque
563 2297 766 2331 constituit.
798 2295 1000 2332 senarium
1031 2307 1103 2331 non
1124 2295 1283 2331 intellexi
1305 2296 1522 2331 matiricntim
1544 2295 1634 2332 scire
1657 2302 1691 2332 te
1723 2298 1807 2333 olim

272 2360 559 2396 proposueram
596 2353 903 2397 septenariorum
931 2352 1072 2398 frustis
1103 2363 1175 2387 non
1206 2353 1269 2387 int.
1310 2352 1358 2388 Te
1397 2352 1617 2387 maiiricatim
1648 2353 1738 2388 scire
1768 2354 1806 2388 in

279 2411 389 2442 tea-tu
421 2407 600 2442 ecclaz'bae'tis
717 2407 767 2442 17
800 2418 843 2443 ne
875 2408 983 2443 Grut.
1017 2408 1132 2455 Sany.
1250 2408 1533 2456 phythagorcam
1564 2409 1659 2456 Req.
1691 2408 1806 2456 phita-

279 2468 389 2510 gorez‘i
419 2464 565 2498 Amz‘en.
600 2463 708 2499 Grut.
740 2463 985 2510 pithagoream
1018 2465 1139 2511 Bony.
1173 2465 1288 2500 Halo.
1321 2464 1558 2512 pithagoriam
1589 2464 1749 2500 Carolz‘r.

278 2519 406 2554 doctus
439 2523 494 2554 est
525 2531 639 2556 anon.
664 2519 783 2555 Rern.
803 2531 842 2564 p.
869 2520 961 2565 109,
994 2525 1034 2556 ut
1060 2520 1233 2566 fortasse
1264 2520 1408 2556 doctust
1426 2521 1562 2567 suerit,
1594 2522 1669 2556 nisi
1682 2523 1808 2565 primo

272 2576 373 2620 pede
395 2585 568 2610 mancum
589 2578 783 2611 senarium
805 2576 988 2611 habemus
1078 2575 1127 2612 18
1160 2587 1197 2612 es
1220 2589 1289 2612 om.
1311 2577 1420 2623 libri,
1452 2578 1601 2612 inserui
1674 2577 1807 2611 retines

279 2630 560 2666 miserimonium
580 2630 742 2667 Botlze'us
775 2629 901 2679 (retine
931 2633 1027 2668 idem
1059 2631 1097 2677 2)
1129 2633 1411 2668 miserimunium
1440 2631 1571 2667 retines
1601 2632 1705 2676 libri,
1736 2634 1811 2667 m'si

278 2710 380 2756 quod
398 2709 562 2744 miseriae
584 2710 743 2745 munium
776 2710 823 2745 W
850 2711 992 2746 miserie
1014 2711 1173 2746 munium
1196 2710 1310 2746 Harl.
1343 2689 1492 2746 miseriae
1521 2711 1680 2745 munium
1703 2710 1807 2746 Leicl.

278 2765 563 2800 miscrimonium
596 2764 738 2801 obtines
771 2765 1040 2810 Quiclzeratius
1157 2766 1206 2803 19
1238 2778 1294 2814 sq.
1335 2767 1538 2803 trochaeos
1573 2777 1657 2801 eum
1688 2766 1808 2814 Bery-

277 2822 338 2857 lsio
371 2823 520 2858 ccnnall.
547 2822 698 2867 plzz'loll.
734 2822 842 2859 1870
868 2835 908 2868 p.
941 2821 1021 2858 827
1053 2824 1259 2869 reuocaui,
1292 2825 1377 2859 olim
1407 2825 1647 2858 senariorum
1673 2822 1808 2868 frusta

270 2879 407 2922 posui,
444 2879 482 2912 in
514 2879 651 2924 quibus
671 2880 774 2914 milio
799 2879 947 2924 prioris
969 2883 1006 2913 ct
1036 2881 1116 2914 siue
1138 2878 1199 2914 sed
1221 2881 1283 2914 uel
1313 2889 1382 2926 ego
1404 2877 1612 2923 demirahar,
1646 2879 1808 2914 alterius

272 2937 343 2967 tam
378 2934 635 2979 supplendum
668 2939 753 2969 erat
867 2934 1161 2970 descendiderant
1193 2935 1288 2979 edd„
1323 2946 1391 2970 om.
1436 2935 1517 2970 Vat.
1552 2933 1644 2983 Rey.
1680 2934 1806 2981 Guelf.
