2023 3287
282 235 335 275 28
888 237 961 269 CN.
988 237 1197 270 NAEv1vs

942 339 1025 380 XV
1058 338 1151 393 (12)

447 450 452 455 .
486 416 689 469 petimine
722 416 747 465 i·
780 415 944 469 piscino
978 417 1049 470 qui
1082 417 1291 457 meruerat

984 509 1089 551 XVI

399 580 540 633 penita
578 580 659 621 offa

913 638 1040 680 XVII
1074 639 1167 693 (14)

284 714 366 755 123
402 714 565 756 Merula
602 714 725 771 [mea]
762 715 1039 757 sanderacino
1073 717 1160 757 ore!

920 808 1071 850 XVIII
1104 808 1168 863 (7)

1128 885 1255 926 bilbit
1288 886 1493 940 amphora

795 972 899 1013 XIX
933 971 1061 1027 (Nou.
1095 973 1214 1029 Virg.
1248 973 1293 1028 3)

281 1049 363 1090 125
398 1049 470 1090 An
501 1051 604 1091 nata
636 1051 699 1090 est
733 1064 891 1103 sponsa
922 1049 1164 1103 praegnas?
1197 1051 1264 1091 uel
1298 1052 1339 1091 a'1'
1371 1051 1439 1091 ue‘l
1471 1064 1593 1105 nega.

276 1189 341 1220 per
365 1180 575 1220 Neptunum
600 1179 737 1220 pisces,
764 1188 828 1218 per
853 1178 1031 1210 Venerem
1058 1178 1184 1210 olera.²
1279 1178 1387 1211 Thes.
1415 1189 1496 1212 nou.
1516 1179 1598 1210 Lat.
1624 1179 1646 1213 l.
1672 1179 1693 1210 l.
1719 1179 1807 1211 VIII

279 1225 339 1255 131
369 1227 418 1255 ‘et
443 1224 643 1255 notandum
669 1222 762 1264 quod
788 1233 956 1263 coquus
984 1228 1019 1254 et
1044 1224 1157 1265 pistor
1183 1223 1277 1255 idem
1304 1223 1400 1265 apud
1433 1224 1606 1264 antiquos
1635 1223 1806 1255 diceban-

277 1271 352 1307 tur,
384 1268 477 1300 unde
509 1268 698 1299 Ennius:
732 1270 884 1308 eoqnus'
913 1279 942 1299 e.
973 1278 1006 1308 q.
1039 1278 1067 1299 s.
1167 1269 1232 1300 XV
1264 1269 1397 1300 Festus
1428 1279 1461 1309 p.
1496 1270 1560 1301 209
1586 1269 1633 1299 Μ.
1670 1269 1804 1310 ‘peti—

278 1313 392 1344 mina
416 1313 453 1345 in
479 1313 637 1345 humeris
663 1313 905 1344 iumentorum
931 1312 1071 1351 ulcera,
1106 1317 1142 1344 et
1173 1313 1282 1355 uulgo
1309 1313 1497 1355 appellant
1521 1331 1561 1335 -
1592 1324 1633 1345 eo
1661 1314 1806 1345 nomine

277 1361 398 1390 autem
432 1361 469 1390 et
499 1358 597 1389 inter
629 1357 718 1389 duos
753 1367 870 1388 armos
896 1358 971 1389 suis
1004 1358 1096 1398 quod
1123 1362 1179 1390 est
1205 1362 1268 1390 aut
1298 1362 1425 1400 peetus
1451 1358 1596 1390 solitum
1623 1358 1806 1399 appellari

276 1406 434 1435 testatur
458 1403 621 1434 Naeuius
647 1403 683 1433 in
710 1401 958 1443 descriptione
985 1402 1112 1434 suillae
1139 1413 1244 1444 quom
1271 1404 1339 1434 ait:
1373 1403 1563 1444 petimine'
1591 1413 1622 1434 e.
1649 1412 1682 1443 q.
1708 1413 1737 1434 s.

276 1448 362 1480 XVI
393 1448 527 1479 Festus
558 1459 591 1489 p,
619 1448 684 1478 242
710 1446 756 1481 Μ,
792 1447 1005 1487 ‘penitam
1039 1448 1180 1478 offam
1210 1448 1373 1480 Naeuius
1406 1447 1572 1489 appellat
1605 1448 1807 1488 absegmen

276 1493 396 1524 earnis
422 1503 501 1524 cuni
528 1492 638 1524 coda:
672 1491 814 1532 antiqui
840 1494 960 1523 autem
990 1492 1099 1523 offam
1131 1493 1315 1524 uocabant
1340 1493 1523 1524 abscisum
1553 1491 1653 1533 globi
1679 1492 1806 1531 forma,

275 1541 315 1568 ut
341 1547 450 1569 manu
476 1536 715 1577 glomeratam
741 1535 904 1577 pultem!
954 1535 1196 1578 (poenitam
1221 1538 1312 1577 eod„
1345 1548 1436 1569 corr.
1464 1536 1645 1576 Vrsinus).
1705 1536 1806 1569 Idem

275 1584 341 1613 230
366 1585 507 1623 ‘penem
535 1582 676 1622 antiqui
702 1580 830 1612 codam
855 1582 1052 1614 uocabant.
1102 1592 1124 1614 a
1149 1592 1220 1623 qua
1239 1583 1460 1623 antiquitate
1479 1583 1589 1614 etiam
1614 1592 1711 1613 nune
1735 1581 1807 1613 offa

276 1627 426 1668 porcina
453 1637 531 1658 eum
559 1626 675 1658 cauda
702 1626 737 1656 in
765 1626 865 1657 cenis
892 1626 991 1666 puris
1017 1627 1113 1658 offa
1139 1628 1292 1668 penita
1317 1630 1496 1661 uoeatur.’
1547 1626 1605 1659 Cf.
1624 1625 1806 1658 Arnobius

276 1672 356 1703 adu.
391 1674 487 1712 gent.
515 1671 583 1703 VII
609 1672 663 1709 24,
691 1672 756 1701 230
850 1670 954 1703 XVII
980 1672 1116 1703 Festus
1148 1682 1182 1713 p.
1213 1674 1279 1704 325
1313 1673 1359 1704 M.
1394 1671 1704 1703 ‘sanderacam
1737 1669 1808 1712 [ait

277 1726 357 1748 esse
376 1727 492 1758 genus
511 1714 675 1757 coloris,]
697 1715 791 1756 quod
809 1714 943 1747 Graeci
962 1715 1175 1758 sa[ndyce1n
1194 1715 1408 1758 appellant]
1450 1717 1628 1748 Naeuius:
1654 1715 1808 1757 meruUa

276 1761 522 1793 sanderacino
548 1758 654 1802 ore.]’
704 1760 843 1792 Paulus
869 1771 900 1801 p.
927 1762 992 1792 324
1018 1761 1064 1792 M.
1091 1762 1358 1793 ‘sandaraca
1391 1771 1506 1802 genus
1533 1761 1694 1794 coloris.’

278 1805 401 1838 XVIII
426 1806 535 1838 Pauli
559 1807 693 1837 Festus
719 1816 750 1846 p.
778 1806 822 1837 34
846 1805 893 1839 M.
920 1805 1076 1837 ‘bilbit
1101 1807 1239 1838 factum
1266 1810 1321 1838 est
1346 1817 1367 1838 a
1385 1805 1626 1837 similitudine
1653 1806 1805 1846 sonitus,

276 1851 338 1891 qui
370 1850 409 1882 fit
444 1851 482 1882 in
513 1860 614 1882 uase.
665 1850 826 1881 Naeuius
861 1849 997 1881 bilbit
1029 1851 1238 1892 amphora
1274 1851 1420 1893 inquit.'
1482 1851 1691 1882 Thesaurus
1723 1861 1805 1883 nou.

275 1897 357 1927 Lat.
383 1896 420 1927 in
446 1897 486 1927 A.
508 1896 583 1927 Mai
600 1898 695 1926 auct.
715 1894 822 1926 class.
843 1895 930 1927 VIII
948 1897 990 1927 67
1016 1898 1070 1927 ‘et
1094 1896 1235 1936 bilbo,
1261 1897 1303 1929 is.
1323 1897 1423 1927 uerb.
1440 1899 1538 1927 neut.
1565 1911 1571 1917 -
1590 1896 1622 1926 i·
1650 1897 1806 1926 sonitum

277 1941 400 1972 faeere
426 1940 472 1972 ad
497 1939 770 1972 similitudinem
789 1940 876 1971 noui
893 1940 1001 1972 musti
1026 1944 1064 1972 et
1085 1950 1201 1972 nouae
1226 1941 1447 1979 cereuisiae‚
1475 1940 1619 1981 quando
1645 1950 1808 1982 spumes-

275 1986 324 2016 eit
340 1985 377 2016 in
396 1984 510 2026 dolio,
537 1984 630 2016 unde
647 1984 810 2015 Naeuius
835 1984 973 2016 bilbit
999 1984 1206 2026 amphora
1224 1986 1368 2026 inquit.⁷
1417 1984 1554 2017 ibidem
1580 1996 1614 2026 p
1634 1987 1675 2017 77
1703 1985 1806 2016 ‘bil-

276 2030 373 2060 bire
400 2029 534 2061 dieitur
559 2029 682 2061 uinum
697 2029 852 2078 quando
878 2032 1022 2070 spumat
1051 2033 1085 2061 et
1110 2031 1225 2065 ’sonat
1256 2030 1482 2081 spumando'
1530 2029 1586 2061 Cf.
1613 2029 1806 2062 Philoxeni

277 2074 387 2116 gloss
408 2074 565 2106 ‘bilbit
583 2067 795 2115 Boyssv'g'fitff
837 2077 874 2104 et
893 2074 1065 2106 ‘bilibit
1083 2069 1332 2117 ἐπισκιασμός
1351 2073 1493 2115 φωνῆς.
1501 2077 1511 2093 ’
1552 2073 1663 2115 gloss.
1682 2074 1804 2106 Vatic.

275 2119 312 2150 in
337 2120 378 2151 A.
403 2119 479 2151 Mai
505 2122 601 2151 auct.
629 2118 736 2150 class
754 2119 825 2150 VII
851 2119 916 2151 553
943 2123 979 2151 et
1003 2119 1451 2160 gloss.Bern.(eod.16)
1479 2119 1655 2151 ‘biliuit
1681 2119 1804 2150 a—dum

276 2164 396 2195 bratio
422 2165 523 2196 noeis
550 2174 667 2204 aquae
693 2163 961 2195 scaturientis.-
1100 2164 1187 2196 XIX
1211 2164 1407 2196 Diomedes
1432 2165 1449 2196 Ι
1481 2174 1514 2206 p.
1548 2166 1614 2196 370
1639 2165 1678 2197 Ρ.
1711 2164 1806 2196 ‘aio

275 2209 423 2240 uerbum
536 2209 580 2240 de
608 2209 710 2240 euius
741 2209 958 2249 imperatiuo
983 2219 1055 2240 non
1092 2209 1181 2240 nulli
1215 2210 1462 2250 ambigebant.
1510 2219 1635 2240 uerum
1667 2209 1804 2240 dietum

276 2256 332 2285 est
365 2254 416 2292 ai,
449 2257 489 2285 ut
513 2253 675 2285 Naeuius
709 2252 863 2283 alieubi:
882 2256 957 2284 van’
991 2263 1020 2285 e.
1053 2264 1084 2296 q.
1110 2264 1136 2285 s.
1176 2254 1343 2293 (neuius
1368 2254 1511 2286 Monac.
1539 2254 1620 2287 Par.
1645 2253 1673 2285 B
1699 2263 1803 2285 neu-

390 2370 468 2406 122
500 2372 637 2418 piscino
661 2372 754 2415 cod„
789 2373 890 2417 quod
919 2376 1143 2418 corruptum
1171 2376 1238 2408 est.
1301 2372 1450 2419 porcino
1474 2372 1735 2417 Dcilecampus
1765 2373 1802 2406 in

275 2427 374 2463 Ptin.
407 2439 444 2463 n.
476 2426 527 2462 H.
560 2426 609 2462 II
635 2427 685 2463 37
810 2428 867 2462 Au
900 2428 960 2474 qui
989 2427 1145 2463 Piceno?
1183 2427 1250 2474 (cf.
1284 2428 1478 2463 Martialis
1508 2428 1617 2463 XIII
1642 2427 1694 2463 35
1733 2426 1802 2462 filia

275 2483 422 2518 Picenae
462 2485 567 2519 uenio
606 2482 779 2518 Lucanica
812 2480 954 2530 porcae)
1081 2483 1159 2520 123
1192 2495 1268 2519 mea
1317 2486 1427 2519 metri
1462 2484 1644 2529 explendi
1681 2494 1801 2518 causa

275 2541 441 2575 inserui.-
472 2542 529 2575 sic
560 2540 726 2575 blandiri
742 2540 896 2584 puellae
918 2544 1067 2576 amator
1093 2542 1216 2586 potuit
1396 2539 1624 2575 saudaracino
1654 2539 1802 2575 Paulus

390 2594 470 2630 124
507 2595 609 2631 liubit
650 2596 856 2630 thesaurus
1010 2596 1181 2643 amphora
1231 2597 1347 2643 inquit
1394 2595 1542 2631 Naeuio
1588 2595 1719 2630 tribuit
1760 2594 1801 2630 Ο.

717 2653 777 2671 aul]

278 2685 489 2721 Muellerus
606 2684 684 2720 1‘25
717 2690 827 2719 2111111121
859 2690 914 2720 est
945 2681 1048 2733 (sup.
1080 2697 1126 2720 m.
1162 2684 1241 2731 ult.)
1274 2685 1393 2732 B0n9
1436 2689 1472 2720 et
1503 2684 1665 2719 Carolir.
1698 2684 1799 2720 Pris-

277 2754 380 2788 ciani
402 2765 444 2799 p
479 2752 559 2790 875
592 2764 634 2788 an
667 2738 734 2788 est·
751 2738 831 2788 i11t1
854 2753 1054 2789 Diomedes
1169 2758 1223 2788 est
1253 2764 1384 2800 sponsa
1416 2757 1469 2787 est
1493 2752 1652 2787 Carolzr.
1676 2752 1801 2787 Prisc.

277 2830 356 2867 875
472 2843 669 2880 praegnas,
701 2843 923 2880 praegnans,
954 2843 1156 2880 pregnans,
1188 2842 1379 2879 pragn21n8,
1410 2832 1579 2878 prignans
1610 2831 1806 2866 Prisciani

277 2888 380 2923 codd.
471 2899 602 2934 sponsa
624 2899 824 2936 praegnans
846 2888 1037 2924 Di'omedzs
1058 2888 1149 2923 Par.
1173 2888 1210 2923 B
1230 2889 1347 2935 sporis
1369 2887 1412 2922 ad
1433 2897 1633 2934 praegnans
1654 2887 1748 2923 Par.
1771 2889 1803 2922 A
