2023 3287
259 236 392 272 CXXII
860 234 923 271 AD
951 233 1188 271 TR-AGIOOS

375 344 538 385 Deinde
572 359 609 385 v.
641 344 726 386 264
757 343 1078 399 paroemiacum
1116 344 1292 387 metitur
1331 344 1471 386 deleto
1505 358 1588 394 mc;
1628 359 1664 386 v,
1695 344 1781 386 265

259 416 402 456 autem
435 414 495 456 sic
527 414 771 467 distinguit:

718 485 898 540 operite,
930 485 1167 541 abscedite,
1198 486 1373 528 iamiam

718 556 877 598 mittite
911 571 944 597 e.
977 571 1014 611 q.
1048 572 1079 598 s.

256 626 306 667 In
338 627 491 681 quibus
523 627 631 670 nihil
663 620 751 668 fere
784 628 850 668 est
881 627 993 681 quod
1025 627 1200 680 probari
1230 628 1381 681 possit.

377 710 463 751 272
498 709 653 751 ‘ardua
684 724 759 764 per
791 710 886 751 loca
913 709 1102 764 agrestia
1122 709 1294 751 Baeehi’
1317 710 1429 763 quod
1450 710 1631 751 coniecit
1650 709 1782 765 Berg-

256 780 352 820 kius
380 781 406 821 l.
438 781 463 821 1.
490 781 576 821 295
609 783 651 821 et
682 782 860 834 propter
893 782 1091 820 accentus
1125 779 1322 834 displicet
1354 783 1395 820 et
1422 780 1521 834 quia
1541 780 1780 822 Baccliiaco

257 850 399 892 thiaso
435 851 630 892 exultans
662 866 750 892 non
782 849 1047 903 ‘trepidante
1068 850 1203 904 gradu
1221 850 1324 891 niti'
1346 851 1511 892 dicitur.

378 921 429 962 In
461 937 499 963 v.
533 922 617 963 283
650 922 775 976 plura
807 921 1037 975 temptavit
1068 919 1147 962 Ed.
1179 921 1342 963 Becker
1374 923 1400 963 l.
1421 922 1446 962 1.
1467 938 1506 975 p.
1527 922 1630 963 300:
1659 925 1783 974 [mato

257 993 397 1034 ordine
422 1005 555 1042 omne,
586 995 633 1033 ut
661 992 823 1046 habeat,
854 991 941 1045 (vel
973 1006 1088 1033 omne
1112 995 1159 1033 ut
1185 993 1312 1045 fuerit
1338 993 1403 1033 vel
1429 1006 1587 1034 omnem
1611 1006 1707 1046 rem,
1738 996 1784 1033 ut

256 1064 362 1118 erat)
390 1064 537 1104 enodat
558 1067 689 1116 pater.

375 1134 623 1176 284—286
666 1133 775 1176 Meis
815 1149 864 1175 ex
902 1135 1025 1188 parte
1065 1133 1304 1188 adsumptis
1343 1149 1381 1174 v.
1412 1134 1499 1176 ⁴284
1530 1134 1782 1188 confirmare,

257 1204 342 1246 285
374 1205 588 1247 consilium
619 1205 796 1246 subitum
829 1202 896 1261 (ut
928 1205 973 1246 in
1004 1204 1283 1246 adnotatione
1314 1202 1559 1260 proposui),
1590 1219 1654 1246 res
1679 1206 1785 1257 quod

256 1279 377 1317 enata
413 1279 469 1318 est
506 1277 622 1317 modo
659 1275 904 1331 Madvigius
937 1276 1116 1317 Advers.
1146 1274 1188 1316 H
1221 1276 1324 1330 661,
1365 1275 1471 1316 illud
1509 1278 1658 1317 contra
1695 1289 1781 1316 cer-

256 1346 469 1389 tissimam
502 1345 634 1388 Nonii
667 1346 811 1401 fidem,
842 1346 925 1388 hoc
957 1361 1116 1389 vanum
1148 1347 1191 1386 et
1223 1346 1462 1387 obscurum.

404 1419 490 1459 292
522 1417 603 1459 Vel
637 1418 893 1460 servandum
924 1422 961 1459 et
987 1418 1080 1470 fare
1104 1418 1171 1459 vel
1191 1416 1490 1471 corrigendum
1511 1432 1603 1458 esse
1625 1419 1783 1459 territat

255 1490 401 1530 censet
432 1489 511 1530 Ed.
543 1489 706 1530 Becker
739 1489 848 1530 stud.
878 1488 899 1529 I
935 1489 1028 1530 158.

373 1558 426 1600 V.
458 1560 543 1600 294
581 1562 681 1613 post
718 1575 768 1601 ea
805 1574 913 1613 quae
950 1559 1118 1599 monuit
1155 1558 1207 1600 Α.
1238 1558 1379 1599 Luchs
1418 1558 1565 1601 Herm.
1597 1559 1658 1601 VI
1695 1560 1781 1601 270

255 1630 439 1672 fortasse
473 1630 533 1671 sic
565 1631 618 1672 ab
651 1630 776 1671 initio
809 1630 1057 1671 scribendus
1091 1630 1189 1670 erit:

501 1713 573 1754 sed
604 1713 748 1754 nescio
782 1712 881 1767 quid
912 1713 1022 1754 mim
1054 1714 1136 1753 est:
1169 1711 1300 1753 animi
1331 1711 1372 1753 11.
1405 1726 1443 1766 g,
1476 1725 1515 1766 g.

255 1795 395 1836 Multa
432 1795 522 1849 (sed
549 1811 589 1837 π.
621 1810 656 1849 q.
694 1799 868 1837 actumst
904 1798 1076 1850 praeter
1109 1792 1213 1851 alia)
1245 1794 1478 1849 temptavit
1508 1794 1588 1835 Ed.
1619 1793 1782 1836 Becker

256 1866 365 1908 stud.
396 1865 417 1906 I
444 1867 540 1908 235.

374 1950 458 1992 296
492 1965 553 2004 sq.
837 1951 929 1991 deos
960 1964 1111 2003 precor
1140 1948 1309 1990 veniam
1342 1950 1510 2003 petens7

470 2023 517 2061 ut
550 2035 656 2075 quae
690 2020 757 2075 egi
791 2034 872 2074 ago
904 2021 965 2061 vel
997 2020 1111 2060 axim
1142 2021 1398 2060 verruncent
1428 2019 1537 2060 bene

257 2103 470 2159 Bergkius
490 2102 645 2144 Philol.
664 2102 851 2143 XXXIII
870 2104 974 2144 295:
1000 2103 1136 2156 probo
1158 2101 1410 2143 Buecheleri
1430 2101 1782 2158 emendationem,

255 2190 403 2216 verum
447 2174 559 2215 enim
605 2177 670 2216 est
709 2176 865 2216 veniam
904 2177 1044 2227 petens
1090 2173 1136 2214 in
1181 2173 1262 2215 hac
1309 2173 1495 2214 formula
1532 2172 1659 2227 diripi
1695 2188 1782 2214 non

255 2246 400 2300 licere3
433 2245 484 2286 cf.
516 2247 687 2299 praeter
719 2244 892 2287 Livium
923 2244 1029 2286 VIII
1059 2245 1084 2285 9
1117 2242 1328 2285 Macrobii
1363 2242 1450 2284 Sat.
1481 2243 1545 2284 III
1577 2245 1615 2299 9,
1649 2245 1685 2285 7.

374 2329 457 2369 301
491 2330 591 2382 post
628 2329 798 2369 eoeile'mn
834 2327 948 2368 finiri
986 2341 1156 2368 versum
1193 2326 1460 2380 ineptissime
1497 2326 1617 2368 iubet
1647 2326 1779 2381 Berg-

255 2399 351 2440 kius
384 2414 424 2453 p.
456 2399 542 2440 296
573 2398 658 2439 his:
690 2402 852 2451 questus
882 2400 1070 2441 sonticus.

374 2470 459 2511 318
491 2468 669 2510 Minime
702 2471 916 2523 apertum,
947 2471 996 2510 ut
1026 2469 1107 2509 iste
1137 2468 1313 2521 clamat,
1342 2468 1464 2519 fiendi
1482 2468 1639 2523 legisse
1661 2469 1780 2510 scho-

255 2541 430 2583 liastam
466 2539 777 2594 veronensem,
825 2540 896 2594 qui
944 2539 1056 2594 quod
1099 2539 1151 2580 ad
1191 2538 1442 2593 Vergiliana
1482 2538 1588 2579 haec
1630 2538 1779 2580 ‘fando

257 2611 429 2667 aliquod
461 2611 498 2652 si
527 2610 639 2652 forte
671 2612 767 2651 tuas
800 2611 995 2665 pervenit
1027 2609 1080 2651 ad
1112 2624 1235 2650 aures
1256 2608 1430 2650 Belidae
1458 2608 1634 2650 nomen'
1661 2609 1779 2663 prius

255 2682 448 2737 Pacuvii,
481 2681 631 2723 deinde
656 2681 810 2723 Lucilii
842 2681 1083 2736 exemplum
1117 2680 1292 2722 adhibet
1323 2680 1521 2734 additque
1550 2680 1679 2732 fando
1709 2679 1780 2721 hic

257 2752 318 2808 (in
356 2753 608 2808 Vergiliano
648 2752 737 2794 scil.
775 2750 889 2808 loco)
927 2751 1119 2806 patiendi
1156 2752 1260 2805 vim,
1297 2765 1384 2792 non
1421 2749 1574 2805 agendi
1609 2750 1781 2807 habere,

259 2838 389 2877 supra
419 2838 519 2864 vero
554 2821 615 2878 (II
648 2823 673 2864 6
708 2822 823 2877 ‘quis
854 2822 961 2864 talia
992 2822 1121 2864 fando
1155 2855 1192 2862 ..
1224 2822 1435 2875 temperet
1467 2835 1491 2860 a
1521 2819 1778 2877 lacrimiSP')

258 2894 398 2937 activo
440 2894 566 2936 modo
609 2894 848 2950 enuntiari,
889 2893 1009 2934 illum
1052 2892 1221 2948 quidem
1261 2906 1386 2932 usum
1427 2891 1531 2932 satis
1573 2890 1656 2932 fuit
1693 2906 1778 2934 uno
