2023 3287
262 230 336 269 148
919 229 1129 262 '1¹1T1N1vs

928 332 991 373 HI
1027 331 1092 388 (2)

375 410 496 458 Quod
530 410 579 449 cii
611 409 824 463 parasitus
856 408 1031 462 hzibeat,
1064 410 1133 462 qui
1166 409 1286 450 illum
1320 410 1386 450 s-‹it
1419 409 1525 450 sciat

260 488 341 527 >100
379 485 568 527 molseon»
602 488 641 525 vt
674 488 840 526 noctem
876 485 1014 525 facore
1047 486 1183 539 possit
1216 486 1266 526 dc
1299 486 1375 526 dic.

938 562 999 602 iv
1034 560 1100 617 (Ξῖ)

380 640 459 689 Qui
493 639 641 681 exucta
674 641 813 680 aetate
847 640 1005 692 spensa
1038 639 1123 679 sit?

955 714 989 755 V
1024 712 1090 770 (l)

376 794 484 843 Quid
524 792 634 833 istuc
668 792 760 834 cst?
800 793 874 832 aiut
913 790 1015 845 quid
1053 791 1149 832 istic
1188 791 1267 832 sibi
1300 792 1394 832 uult
1433 791 1601 832 sermo?
1634 794 1781 846 mater,

1393 868 1537 909 delica.

936 926 998 968 VI
1032 925 1097 982 (ὦ)

435 1002 560 1046 Nunc
592 1005 672 1045 hoc
706 1019 823 1058 uror,
854 1007 969 1044 minc
1000 1004 1105 1044 hacc
1137 1018 1204 1044 res
1236 1004 1301 1044 me
1334 1003 1437 1044 facit
1467 1001 1679 1044 festinem.

934 1079 1017 1121 VII
1052 1080 1117 1136 (7)

376 1159 457 1207 Qui
489 1155 638 1199 'Obsce
677 1160 718 1198 et
751 1157 905 1199 Volsce
942 1157 1209 1198 fabulantur:
1247 1157 1347 1198 naim
1388 1156 1538 1198 Latine
1576 1156 1784 1199 nesciunt.

914 1239 1128 1281 SETINA

961 1316 980 1357 Ι
1015 1315 1080 1372 (3)

263 1395 346 1436 105
381 1394 506 1448 Ipsus
541 1394 711 1448 quidem
742 1394 882 1434 hercle
915 1393 1066 1434 ducere
1102 1391 1225 1449 [eam]
1261 1394 1363 1434 sane
1394 1394 1554 1434 neuult.

260 1524 446 1565 (Quinto
471 1523 672 1562 Meroen-us)
765 1523 820 1554 ΙΙΙ
846 1523 982 1555 Nonius
1001 1524 1077 1563 ²277,
1106 1524 1146 1554 16
1173 1522 1387 1554 ‘delicere
1415 1525 1471 1555 cst
1496 1522 1648 1554 illicere.
1697 1522 1786 1555 Titi-

259 1571 341 1601 nius
367 1569 442 1601 lib.
467 1569 515 1601 V:
543 1568 650 1610 quod’
678 1579 707 1600 e.
734 1577 766 1608 q.
793 1578 819 1599 s.
847 1568 1083 1609 (titinnius
1109 1568 1193 1599 Bas.
1220 1567 1437 1609 turpilius
1463 1567 1583 1608 Leid.)

259 1615 308 1646 IV
335 1615 473 1645 Nonius
497 1615 581 1654 439,
611 1614 650 1644 14
682 1613 830 1644 ‘dehinc
863 1613 1038 1654 promissa
1071 1613 1169 1644 dieta
1195 1612 1253 1644 uel
1285 1616 1395 1654 pacta
1427 1612 1486 1644 uel
1518 1623 1682 1655 sponsa
1715 1613 1788 1644 dici

259 1662 384 1700 potest
404 1685 409 1690 .
432 1684 438 1690 .
459 1683 466 1691 .
487 1659 646 1690 Titinius
666 1658 821 1697 Quinto:
849 1659 924 1699 qui³
954 1669 983 1689 e.
1002 1669 1034 1699 q.
1053 1668 1079 1689 s.
1107 1657 1334 1697 (Diuortio
1353 1657 1497 1698 Aldina)
1593 1658 1623 1689 V
1647 1657 1786 1690 Nonius

259 1705 313 1743 98,
339 1706 359 1736 8
385 1704 568 1742 ‘delica‚
595 1703 771 1744 explana,
798 1703 920 1734 indica
942 1729 947 1735 .
969 1727 976 1734 .
996 1728 1002 1734 .
1023 1727 1031 1734 .
1051 1703 1211 1734 Titinius
1237 1702 1298 1734 lib.
1319 1703 1368 1734 V:
1395 1703 1494 1744 quisl'
1523 1713 1552 1734 e.
1572 1712 1604 1743 q.
1624 1713 1651 1736 s,
1687 1702 1785 1735 Idem

260 1751 336 1783 277,
364 1751 407 1780 24
433 1748 604 1780 ‘delica
631 1752 685 1779 est
704 1749 807 1789 aperi
827 1752 863 1779 et
889 1748 1062 1790 explana.
1110 1747 1269 1778 Titinius
1295 1748 1331 1778 in
1356 1748 1509 1787 Quinto:
1536 1747 1637 1789 quitl'
1656 1758 1687 1782 c.
1706 1758 1785 1789 q.s.

350 1794 400 1825 VI
424 1793 563 1825 Nonius
594 1795 672 1830 482,
710 1795 748 1824 31
784 1793 1014 1824 ‘festinem
1046 1803 1108 1834 pro
1141 1793 1392 1827 festinantem,
1449 1793 1608 1824 Titinius
1642 1792 1705 1824 lib.
1740 1793 1788 1824 V:

260 1842 371 1870 nunc’
400 1850 429 1870 e.
458 1850 491 1880 q.
518 1849 545 1869 s.
640 1838 709 1870 VII
734 1839 869 1869 Festus
897 1849 930 1879 p.
959 1839 1021 1870 189
1047 1839 1094 1872 M.
1120 1837 1327 1869 ‘Obscum
1352 1837 1441 1869 duas
1460 1838 1623 1869 diuersas
1643 1841 1678 1869 et
1704 1847 1787 1868 con-

260 1884 392 1915 trarias
419 1883 706 1924 significationes
732 1883 855 1915 habet.
903 1894 985 1914 nam
1006 1882 1173 1914 Cloatius
1200 1887 1304 1923 putat
1329 1893 1370 1914 eo
1389 1882 1570 1914 uocabulo
1588 1882 1788 1923 significari

262 1939 422 1968 sacrum,
451 1939 519 1970 quo
546 1929 654 1959 etiam
680 1928 780 1970 leges
807 1938 935 1959 sacrae
962 1928 1137 1960 obscatae
1164 1927 1343 1959 dicuntur.
1392 1931 1428 1959 ct
1457 1929 1493 1958 in
1520 1927 1684 1959 omnibus
1710 1927 1788 1958 fere

263 1974 422 2015 antiquis
449 1973 720 2005 commentariis
746 1973 919 2005 scribitur
945 1972 1097 2013 Opicum
1126 1982 1189 2013 pro
1223 1971 1345 2004 oleco’
1373 1971 1564 2014 (‘Opscum
1589 1982 1652 2013 pro
1679 1972 1787 2003 Osco’

262 2019 476 2050 Huschkius
495 2029 649 2049 monum.
676 2018 823 2059 linguae
842 2017 958 2049 Oscae
977 2029 1009 2058 p.
1029 2015 1123 2057 278),
1149 2020 1204 2047 ‘ut
1228 2018 1265 2048 in
1284 2017 1399 2048 Titini
1425 2017 1582 2049 fabula
1608 2017 1785 2058 quintaz

263 2064 338 2104 qui’
372 2076 404 2095 e.
438 2074 471 2104 q.
506 2073 534 2096 s.
589 2061 778 2103 (Quinto
813 2061 990 2104 Scaliger)
1023 2062 1160 2093 Paulus
1199 2073 1234 2103 p.
1266 2064 1329 2094 188
1361 2062 1409 2095 M.
1443 2058 1609 2103 ‘Opicum
1646 2071 1788 2102 quoque

264 2109 469 2139 inueniinus
496 2117 558 2149 pro
577 2107 673 2139 Osco
699 2124 742 2128 —
766 2107 967 2139 Titinnius:
994 2107 1128 2139 Obsce'
1157 2118 1186 2137 e.
1213 2118 1243 2148 q.
1272 2117 1299 2138 s,
1375 2107 1475 2138 Adde
1502 2108 1569 2138 inc.
1598 2106 1671 2138 fab.
1689 2106 1787 2138 VIII.

354 2154 493 2190 Summa
542 2153 558 2184 Ι
584 2152 721 2184 Nonius
750 2154 824 2192 144,
850 2153 869 2182 6
895 2151 1071 2184 ‘neuult
1096 2162 1158 2193 pro
1182 2162 1253 2183 non
1280 2151 1383 2183 uult)

377 2273 427 2309 99
461 2273 520 2319 qui
552 2271 651 2307 illum
689 2277 743 2306 sat
783 2272 870 2306 sciat
908 2273 1051 2317 scripsi
1080 2271 1139 2318 qui
1171 2270 1270 2306 illum
1309 2271 1413 2306 satiat
1445 2270 1565 2306 Bern.
1598 2271 1659 2317 qui
1689 2269 1788 2305 illum

263 2329 370 2375 (illam
401 2329 597 2375 Monlisp.)
628 2329 716 2363 sciat
747 2331 868 2364 ceteri
894 2329 984 2363 libri
1012 2328 1072 2375 qui
1103 2338 1141 2362 se
1172 2327 1270 2362 illum
1311 2327 1398 2362 sciat
1428 2326 1677 2363 Hermamzus
1705 2328 1730 2362 Z.
1762 2328 1787 2362 l.

264 2385 343 2422 273
464 2385 541 2422 101
576 2385 635 2432 qui
668 2383 717 2430 (lz.
752 2395 783 2420 c.
825 2384 1022 2432 quomodo)
1052 2385 1142 2419 libri
1170 2384 1226 2419 cui
1266 2385 1323 2420 ed.
1359 2381 1463 2419 1526
1580 2394 1712 2430 sponsa
1743 2383 1791 2418 sit

263 2442 440 2489 desponsa
471 2442 577 2477 libri.-
608 2442 734 2476 delem·
761 2443 967 2488 glossemm
1000 2440 1053 2486 cf.
1096 2441 1219 2476 Varro
1250 2441 1296 2476 cle
1324 2441 1350 2475 l.
1382 2439 1425 2475 L.
1470 2439 1523 2475 VI
1551 2439 1614 2476 70.
1654 2449 1789 2486 sponso

265 2498 479 2545 desponsata
512 2498 557 2532 sit
580 2497 742 2533 Bolbius
859 2497 936 2533 102
970 2501 1030 2532 aut
1061 2496 1141 2531 istic
1170 2497 1260 2531 libri
1285 2507 1322 2541 p.
1347 2495 1398 2532 98
1514 2495 1666 2531 lambos
1686 2505 1789 2530 nunc

263 2555 444 2600 discripsi
463 2565 548 2590 cum
570 2555 794 2589 Hermanno
815 2555 840 2589 l.
862 2555 887 2589 l.
911 2552 1003 2598 27⁷2,
1031 2553 1235 2588 trochaeos
1257 2554 1342 2588 olim
1429 2552 1531 2586 matri
1555 2551 1685 2586 Urbin.
1707 2550 1787 2586 307

381 2610 457 2646 103
480 2622 554 2646 non
577 2612 783 2656 composita
807 2621 891 2645 cum
913 2609 1092 2645 baccheis
1107 2609 1259 2654 clipoclia
1277 2609 1438 2644 iambica
1459 2608 1702 2652 catalectico,
1724 2608 1793 2642 sed

266 2671 485 2702 lelramclcr
515 2666 750 2702 bacchiacns
780 2671 836 2702 est
951 2666 1019 2702 hoc
1050 2675 1106 2700 res
1128 2676 1182 2701 mc
1213 2665 1263 2701 W
1279 2676 1334 2700 ine
1355 2664 1442 2699 haec
1462 2674 1521 2698 res
1543 2664 1791 2699 Her-mannus

264 2724 289 2757 l.
321 2725 345 2758 l.
372 2722 473 2768 273,
506 2728 545 2758 ul
575 2726 769 2759 senarium
801 2722 988 2770 efficeret.
1049 2722 1262 2767 Anapaesti
1290 2721 1454 2756 clunzbes
1476 2721 1637 2765 placent
1668 2719 1788 2755 Muel-

265 2780 345 2814 lcro
381 2781 535 2824 prosod.
576 2780 704 2815 Plaut.
747 2779 826 2815 110
978 2778 1055 2814 105
1096 2777 1227 2813 (lucere
1266 2787 1350 2812 sane
1386 2777 1474 2812 libri
1509 2775 1576 2822 (cf.
1613 2776 1793 2812 Muelleri

260 2836 420 2880 prosod.
444 2836 572 2871 Plaut.
596 2835 662 2881 24)
693 2837 753 2871 uel
783 2835 914 2871 ducere
946 2846 1020 2870 ean]
1052 2845 1135 2869 sane
1157 2845 1242 2870 cum
1263 2833 1421 2879 Bothio,
1453 2833 1515 2868 uel
1545 2831 1676 2868 ducere
1698 2831 1790 2868 Sane

267 2891 515 2926 Hermcmnus
536 2893 560 2926 l.
591 2893 616 2927 l.
650 2891 728 2927 273
1193 2901 1195 2903 '
