2023 3287
830 253 1064 290 ADDENDA
1603 254 1699 290 CXV

303 362 378 403 131
421 360 636 415 arrv'yunt]
672 361 900 414 jiclssorimzt
938 362 1147 417 Bcrgkius
1186 378 1225 416 p.
1257 363 1359 418 290,
1399 365 1699 419 septenarium⁷

178 434 226 471 ut
268 431 454 487 videtur,
503 430 768 472 trochaicum
814 430 1048 487 dimensus,
1094 434 1211 474 cuius
1256 435 1395 488 prima
1441 434 1614 489 dipodia
1657 436 1699 476 et

180 502 334 543 ultima
367 503 475 543 arsis
508 502 628 543 desit.

299 574 380 614 142
412 573 568 614 aemilio
600 588 696 614 cum
715 571 872 613 Vossio
907 573 1037 614 scribi
1069 574 1188 615 iubet
1218 574 1268 615 A.
1288 574 1428 616 Luchs
1463 575 1570 617 stud.
1590 576 1610 616 I
1632 577 1698 630 71,

179 643 290 698 quod
337 644 572 685 sententiae
619 643 786 684 ratione
833 644 881 683 ut
920 644 1210 685 commendari
1250 645 1416 698 pridem
1459 647 1589 701 sensi7
1636 647 1700 687 ita

178 714 291 768 exigi
322 728 444 769 nego.

300 785 379 826 156
420 799 479 839 sq.
540 784 810 838 Turpissima
847 785 916 825 vel
954 785 999 826 in
1034 786 1174 828 tirone
1210 800 1485 828 numerorum
1529 787 1700 828 inscitia

178 854 421 910 Madvigius
453 855 630 897 Advers.
661 854 704 896 II
735 854 820 896 665
852 854 958 896 haec
989 857 1203 910 procudit:

799 937 924 979 ducet
955 939 1276 994 quadrupedum

388 1011 529 1063 iuyum
560 1006 744 1050 invitum
775 1008 945 1051 domans
975 1009 1095 1051 freno
1130 1011 1171 1051 et
1200 1011 1306 1063 feme'
1330 1010 1471 1053 valido
1480 1045 1490 1066 ,

389 1082 569 1134 quorum
599 1079 768 1121 tenacia
799 1079 978 1133 infringi
1007 1079 1134 1121 minis
1166 1082 1326 1136 nequit.

178 1148 267 1190 Nec
299 1149 436 1204 inagis
470 1150 575 1191 satis
607 1149 772 1191 faciunt
802 1150 945 1191 verba.

299 1232 380 1272 192
406 1232 538 1285 Aequis
557 1236 691 1274 cratem
710 1233 874 1274 malitia
894 1233 957 1274 te?
989 1233 1200 1289 Bergkius
1220 1233 1374 1276 Philol.
1393 1233 1579 1275 XXXIII
1600 1235 1698 1276 290.

295 1302 377 1343 241
413 1300 697 1344 Choriambos
729 1303 842 1344 idem
874 1303 900 1344 l.
931 1303 958 1344 1.
989 1304 1073 1345 279
1113 1304 1301 1346 edolavit
1331 1305 1480 1347 hosce:

952 1374 1120 1415 utinam
1149 1389 1228 1416 nee
1257 1390 1462 1430 umquam

352 1442 521 1499 Medea,
553 1443 724 1486 Colchis
757 1444 910 1498 cupido
943 1445 1069 1487 corde
1099 1445 1252 1499 pedem
1284 1447 1510 1488 extulisses

178 1539 284 1579 quos
316 1525 560 1580 Euripideis
595 1526 757 1568 scilicet
789 1526 847 1582 (v.
879 1528 965 1569 314
998 1526 1077 1584 sq.)
1112 1529 1273 1570 similes
1305 1528 1456 1570 haberi
1487 1529 1590 1571 vult.

297 1597 381 1638 256
413 1596 514 1638 Non
545 1598 657 1638 male
688 1597 801 1638 idem
832 1598 857 1639 l.
889 1598 916 1639 1.
949 1599 1051 1640 22οι

269 1668 426 1709 stultus
460 1669 542 1722 est,
575 1668 647 1721 qui
676 1682 746 1709 ozee
777 1670 975 1721 cupienda
1006 1669 1180 1723 cupiens
1213 1670 1431 1724 cupienter
1463 1670 1592 1724 cupit.

179 1736 286 1778 Cum
330 1753 368 1778 v.
412 1738 498 1780 265
543 1738 820 1780 conferendus
864 1729 1117 1781 Mercatoris
1160 1739 1384 1781 Plautinae
1428 1756 1465 1782 v.
1508 1742 1590 1784 176
1630 1740 1697 1782 etu

178 1807 347 1861 quidem
379 1822 428 1849 ecc
459 1822 525 1850 ore
556 1810 777 1851 orationem
808 1810 868 1850 mi
900 1810 1057 1863 eripis.9

294 1891 380 1932 280
412 1892 543 1932 adstet
573 1894 616 1932 et
646 1892 691 1932 in
723 1892 839 1932 exitu
869 1893 979 1934 mehe
1009 1892 1219 1947 Bergkius
1251 1907 1291 1946 p.
1323 1894 1421 1934 290.

294 1962 380 2003 282
412 1962 530 2003 deum
566 1976 629 2003 me
658 1962 803 2003 retinet
831 1963 1060 2016 proposuit
1090 1962 1308 2004 Baehrens
1341 1964 1367 2004 1,
1398 1964 1436 2018 1.,
1468 1964 1580 2018 quod
1610 1978 1699 2006 non

176 2031 302 2087 longe
336 2032 459 2073 abest
490 2032 542 2073 ab
576 2047 625 2073 eo
659 2032 771 2086 quod
801 2032 846 2073 in
866 2032 1023 2075 Coroll.
1049 2048 1089 2087 p.
1109 2032 1274 2075 XXXII
1306 2034 1496 2076 concessi
1520 2034 1697 2076 tolerari

176 2116 321 2157 posse,
353 2103 548 2156 quamvis
581 2117 730 2144 verum
762 2117 854 2144 esse
886 2103 1078 2145 diffidam
1109 2105 1226 2146 deum
1257 2119 1319 2146 me
1348 2109 1453 2146 vetat
1482 2106 1537 2147 id.

296 2186 378 2226 287
413 2186 502 2227 cedo
533 2189 570 2227 et
599 2186 692 2227 abeo
716 2185 789 2227 7200
807 2199 897 2227 cum
915 2187 1059 2228 vestitu
1077 2185 1320 2242 Madvigius
1340 2186 1517 2229 Advers.
1536 2186 1579 2228 H
1599 2188 1696 2230 668.

295 2255 381 2297 295
413 2254 567 2309 Spreta
604 2256 721 2297 omni
756 2257 1024 2310 pronominis
1061 2257 1146 2310 ipse
1176 2258 1414 2299 mutatione
1447 2272 1498 2299 ex
1529 2258 1695 2299 creticis

178 2329 219 2367 et
249 2325 462 2367 trochaeis
500 2342 671 2368 versum
703 2327 989 2382 compositum
1022 2342 1113 2369 esse
1145 2331 1270 2382 putat
1301 2328 1511 2383 Bergkius
1542 2327 1695 2369 Philol.

175 2396 362 2438 XXXIII
393 2398 490 2438 274.

296 2468 378 2510 297
404 2467 554 2522 parat]
587 2471 704 2510 curat
739 2483 763 2509 a
796 2467 1086 2511 Studemundo
1119 2470 1463 2511 commendatum
1494 2468 1694 2523 probabi-

176 2538 257 2579 lius
291 2552 417 2592 quam
450 2538 562 2592 quod
594 2538 775 2579 coniecit
806 2538 856 2580 A.
888 2538 1029 2581 Luchs
1063 2540 1171 2581 stud.
1202 2539 1223 2581 I
1257 2541 1310 2581 70
1340 2543 1484 2582 vorsat.

294 2609 377 2650 301
415 2609 623 2661 fremebunt
659 2607 871 2663 Bergkius
909 2625 949 2664 p.
982 2611 1085 2666 291,
1124 2610 1237 2665 quod
1276 2610 1416 2663 ipsum
1454 2608 1619 2664 pridem
1648 2609 1694 2651 in

178 2679 402 2721 corollario
435 2695 474 2734 p.
506 2678 663 2720 LXXV
696 2693 1016 2734 proposueram.

295 2762 379 2803 348
413 2760 567 2815 Spreta
598 2761 836 2817 praeclara,
873 2777 1000 2816 quam
1031 2763 1076 2803 in
1105 2764 1272 2803 textum
1304 2761 1460 2816 recepi,
1499 2761 1692 2804 emenda-

176 2831 293 2874 tione
324 2831 543 2873 Baehrens
574 2832 601 2874 l.
632 2831 658 2872 l.
692 2832 920 2874 admodum
957 2832 1183 2874 infeliciter
1214 2846 1308 2873 acro
1342 2832 1469 2873 locavi
1499 2832 1692 2875 coniecit.

177 2901 284 2943 Item
318 2903 444 2944 locavi
462 2902 673 2957 Bergkius
707 2919 746 2957 p.
767 2903 848 2945 291
884 2902 1138 2944 servandum
1169 2917 1261 2944 esse
1280 2903 1398 2944 inani
1419 2904 1692 2945 contentione

1428 2972 1483 3008 h!
