<?xml version="1.0" encoding="UTF-8"?>
<!DOCTYPE html PUBLIC "-//W3C//DTD XHTML 1.0 Transitional//EN"
    "http://www.w3.org/TR/xhtml1/DTD/xhtml1-transitional.dtd">
<html xmlns="http://www.w3.org/1999/xhtml" xml:lang="en" lang="en">
 <head>
  <title>
</title>
<meta http-equiv="Content-Type" content="text/html;charset=utf-8" />
  <meta name='ocr-system' content='tesseract 3.04.00' />
  <meta name='ocr-capabilities' content='ocr_page ocr_carea ocr_par ocr_line ocrx_word'/>
</head>
<body>
  <div class='ocr_page' id='page_1' title='image "./scaenicaeromano02ribbuoft_0512.png"; bbox 0 0 2023 3287; ppageno 0'>
   <div class='ocr_carea' id='block_1_1' title="bbox 316 218 1413 259">
    <p class='ocr_par' dir='ltr' id='par_1_1' title="bbox 316 218 1413 259">
     <span class='ocr_line' id='line_1_1' title="bbox 316 218 1413 259; baseline -0.005 0"><span class='ocrx_word' id='word_1_1' title='bbox 316 218 397 259; x_wconf 78' lang='grc'><strong>372</strong></span> <span class='ocrx_word' id='word_1_2' title='bbox 760 221 1006 254; x_wconf 81' lang='lat' dir='ltr'>APPENDIX</span> <span class='ocrx_word' id='word_1_3' title='bbox 1035 220 1413 255; x_wconf 76' lang='lat' dir='ltr'>SENTENTIARVM</span> 
     </span>
    </p>
   </div>
   <div class='ocr_carea' id='block_1_2' title="bbox 345 322 1838 992">
    <p class='ocr_par' dir='ltr' id='par_1_2' title="bbox 345 322 1838 992">
     <span class='ocr_line' id='line_1_2' title="bbox 435 322 1182 366; baseline 0.003 -3"><span class='ocrx_word' id='word_1_4' title='bbox 435 322 707 365; x_wconf 63' lang='lat' dir='ltr'>crudelitatis</span> <span class='ocrx_word' id='word_1_5' title='bbox 739 325 876 365; x_wconf 70' lang='lat' dir='ltr'>mater</span> <span class='ocrx_word' id='word_1_6' title='bbox 908 324 1182 366; x_wconf 77' lang='lat' dir='ltr'>iracundiast.</span> 
     </span>
     <span class='ocr_line' id='line_1_3' title="bbox 433 399 1367 455; baseline 0.002 -15"><span class='ocrx_word' id='word_1_7' title='bbox 433 399 641 441; x_wconf 71' lang='lat' dir='ltr'>Memoria</span> <span class='ocrx_word' id='word_1_8' title='bbox 672 401 967 442; x_wconf 60' lang='lat' dir='ltr'>iniuriarumst</span> <span class='ocrx_word' id='word_1_9' title='bbox 998 399 1195 455; x_wconf 75' lang='lat' dir='ltr'>inprimis</span> <span class='ocrx_word' id='word_1_10' title='bbox 1227 403 1367 442; x_wconf 71' lang='lat' dir='ltr'>tenax.</span> 
     </span>
     <span class='ocr_line' id='line_1_4' title="bbox 345 475 1838 531; baseline 0 -14"><span class='ocrx_word' id='word_1_11' title='bbox 345 476 401 517; x_wconf 82' lang='lat'>85</span> <span class='ocrx_word' id='word_1_12' title='bbox 433 475 678 517; x_wconf 72' lang='lat' dir='ltr'>Ridiculum</span> <span class='ocrx_word' id='word_1_13' title='bbox 710 480 774 527; x_wconf 73' lang='lat' dir='ltr'>est</span> <span class='ocrx_word' id='word_1_14' title='bbox 806 477 902 519; x_wconf 79' lang='lat' dir='ltr'>odio</span> <span class='ocrx_word' id='word_1_15' title='bbox 936 477 1130 518; x_wconf 75' lang='lat' dir='ltr'>nocentis</span> <span class='ocrx_word' id='word_1_16' title='bbox 1163 475 1435 519; x_wconf 70' lang='lat' dir='ltr'>innocentem</span> <span class='ocrx_word' id='word_1_17' title='bbox 1468 477 1654 531; x_wconf 78' lang='lat' dir='ltr'>perdere.</span> <span class='ocrx_word' id='word_1_18' title='bbox 1771 492 1838 522; x_wconf 82' lang='lat'>805</span> 
     </span>
     <span class='ocr_line' id='line_1_5' title="bbox 345 552 1368 608; baseline 0.001 -14"><span class='ocrx_word' id='word_1_19' title='bbox 345 553 397 593; x_wconf 79' lang='lat'>87</span> <span class='ocrx_word' id='word_1_20' title='bbox 432 553 522 594; x_wconf 82' lang='lat' dir='ltr'>Rex</span> <span class='ocrx_word' id='word_1_21' title='bbox 555 554 796 607; x_wconf 77' lang='lat' dir='ltr'>uniuersos,</span> <span class='ocrx_word' id='word_1_22' title='bbox 829 552 1022 608; x_wconf 75' lang='lat' dir='ltr'>singulos</span> <span class='ocrx_word' id='word_1_23' title='bbox 1056 557 1203 595; x_wconf 78' lang='lat' dir='ltr'>seruus</span> <span class='ocrx_word' id='word_1_24' title='bbox 1235 554 1368 595; x_wconf 67' lang='lat' dir='ltr'>timet.</span> 
     </span>
     <span class='ocr_line' id='line_1_6' title="bbox 347 629 1427 685; baseline 0.001 -15"><span class='ocrx_word' id='word_1_25' title='bbox 347 630 402 670; x_wconf 82' lang='lat'>89</span> <span class='ocrx_word' id='word_1_26' title='bbox 434 629 679 671; x_wconf 63' lang='lat' dir='ltr'>Praestabis</span> <span class='ocrx_word' id='word_1_27' title='bbox 712 631 855 685; x_wconf 80' lang='lat' dir='ltr'>facile,</span> <span class='ocrx_word' id='word_1_28' title='bbox 886 631 1069 671; x_wconf 75' lang='lat' dir='ltr'>honesta</span> <span class='ocrx_word' id='word_1_29' title='bbox 1102 631 1136 671; x_wconf 88' lang='lat' dir='ltr'>si</span> <span class='ocrx_word' id='word_1_30' title='bbox 1169 629 1427 685; x_wconf 72' lang='lat' dir='ltr'>promiseris.</span> 
     </span>
     <span class='ocr_line' id='line_1_7' title="bbox 431 706 1452 761; baseline 0.002 -15"><span class='ocrx_word' id='word_1_31' title='bbox 431 706 658 747; x_wconf 77' lang='lat' dir='ltr'>Lucriiinst</span> <span class='ocrx_word' id='word_1_32' title='bbox 691 707 943 761; x_wconf 69' lang='lat' dir='ltr'>sapientiae,</span> <span class='ocrx_word' id='word_1_33' title='bbox 975 709 1024 747; x_wconf 71' lang='lat' dir='ltr'>ut</span> <span class='ocrx_word' id='word_1_34' title='bbox 1054 709 1096 748; x_wconf 76' lang='lat' dir='ltr'>te</span> <span class='ocrx_word' id='word_1_35' title='bbox 1128 707 1331 748; x_wconf 58' lang='lat' dir='ltr'>redducat</span> <span class='ocrx_word' id='word_1_36' title='bbox 1362 708 1452 748; x_wconf 80' lang='lat' dir='ltr'>tibi.</span> 
     </span>
     <span class='ocr_line' id='line_1_8' title="bbox 430 782 1692 838; baseline 0.002 -15"><span class='ocrx_word' id='word_1_37' title='bbox 430 782 574 823; x_wconf 73' lang='lat' dir='ltr'>Rectis</span> <span class='ocrx_word' id='word_1_38' title='bbox 608 783 752 824; x_wconf 73' lang='lat' dir='ltr'>obstat</span> <span class='ocrx_word' id='word_1_39' title='bbox 783 783 920 838; x_wconf 79' lang='lat' dir='ltr'>pudor</span> <span class='ocrx_word' id='word_1_40' title='bbox 952 783 1155 838; x_wconf 79' lang='lat' dir='ltr'>ingeniis,</span> <span class='ocrx_word' id='word_1_41' title='bbox 1187 784 1320 837; x_wconf 64' lang='lat' dir='ltr'>praua</span> <span class='ocrx_word' id='word_1_42' title='bbox 1352 784 1472 824; x_wconf 74' lang='lat' dir='ltr'>iuuat</span> <span class='ocrx_word' id='word_1_43' title='bbox 1504 784 1692 826; x_wconf 68' lang='lat' dir='ltr'>audacia.</span> 
     </span>
     <span class='ocr_line' id='line_1_9' title="bbox 428 859 1837 914; baseline 0.001 -14"><span class='ocrx_word' id='word_1_44' title='bbox 428 859 551 900; x_wconf 80' lang='lat' dir='ltr'>Prius</span> <span class='ocrx_word' id='word_1_45' title='bbox 584 860 712 914; x_wconf 66' lang='lat' dir='ltr'>quan]</span> <span class='ocrx_word' id='word_1_46' title='bbox 745 860 912 901; x_wconf 70' lang='lat' dir='ltr'>scelesti</span> <span class='ocrx_word' id='word_1_47' title='bbox 945 860 1103 901; x_wconf 74' lang='lat' dir='ltr'>seelera</span> <span class='ocrx_word' id='word_1_48' title='bbox 1135 861 1228 914; x_wconf 82' lang='lat' dir='ltr'>ipsa</span> <span class='ocrx_word' id='word_1_49' title='bbox 1261 860 1512 914; x_wconf 72' lang='lat' dir='ltr'>extirpanda</span> <span class='ocrx_word' id='word_1_50' title='bbox 1545 863 1658 901; x_wconf 79' lang='lat' dir='ltr'>sunt.</span> <span class='ocrx_word' id='word_1_51' title='bbox 1768 876 1837 905; x_wconf 66' lang='lat'>804</span> 
     </span>
     <span class='ocr_line' id='line_1_10' title="bbox 429 936 1318 992; baseline 0 -15"><span class='ocrx_word' id='word_1_52' title='bbox 429 936 581 977; x_wconf 74' lang='lat' dir='ltr'>Parem</span> <span class='ocrx_word' id='word_1_53' title='bbox 613 936 787 978; x_wconf 81' lang='lat' dir='ltr'>laudare</span> <span class='ocrx_word' id='word_1_54' title='bbox 820 936 1006 991; x_wconf 74' lang='lat' dir='ltr'>pertinet</span> <span class='ocrx_word' id='word_1_55' title='bbox 1039 936 1091 977; x_wconf 80' lang='lat' dir='ltr'>ad</span> <span class='ocrx_word' id='word_1_56' title='bbox 1124 937 1318 992; x_wconf 79' lang='lat' dir='ltr'>gloriam.</span> 
     </span>
    </p>
   </div>
   <div class='ocr_carea' id='block_1_3' title="bbox 308 1042 1837 1535">
    <p class='ocr_par' dir='ltr' id='par_1_3' title="bbox 308 1042 1837 1535">
     <span class='ocr_line' id='line_1_11' title="bbox 311 1042 589 1074; baseline 0.004 -1"><span class='ocrx_word' id='word_1_57' title='bbox 311 1042 589 1074; x_wconf 74' lang='lat' dir='ltr'>PROVERBIA</span> 
     </span>
     <span class='ocr_line' id='line_1_12' title="bbox 402 1087 1837 1129; baseline 0.001 -9"><span class='ocrx_word' id='word_1_58' title='bbox 402 1089 444 1120; x_wconf 85' lang='lat'>83</span> <span class='ocrx_word' id='word_1_59' title='bbox 472 1087 516 1119; x_wconf 87' lang='lat' dir='ltr'>de</span> <span class='ocrx_word' id='word_1_60' title='bbox 544 1098 629 1119; x_wconf 87' lang='lat' dir='ltr'>mor.</span> <span class='ocrx_word' id='word_1_61' title='bbox 657 1090 695 1119; x_wconf 88' lang='lat'>31</span> <span class='ocrx_word' id='word_1_62' title='bbox 725 1088 829 1119; x_wconf 87' lang='lat' dir='ltr'>Vinc.</span> <span class='ocrx_word' id='word_1_63' title='bbox 856 1087 950 1119; x_wconf 92' lang='lat' dir='ltr'>Bell.</span> <span class='ocrx_word' id='word_1_64' title='bbox 982 1098 1035 1129; x_wconf 87' lang='lat' dir='ltr'>sp.</span> <span class='ocrx_word' id='word_1_65' title='bbox 1067 1088 1099 1121; x_wconf 82' lang='lat' dir='ltr'>d.</span> <span class='ocrx_word' id='word_1_66' title='bbox 1125 1089 1158 1128; x_wconf 99' lang='lat'>4,</span> <span class='ocrx_word' id='word_1_67' title='bbox 1186 1089 1260 1120; x_wconf 86' lang='lat'>133.</span> <span class='ocrx_word' id='word_1_68' title='bbox 1289 1088 1352 1120; x_wconf 89' lang='grc'>136</span> <span class='ocrx_word' id='word_1_69' title='bbox 1385 1088 1637 1128; x_wconf 80' lang='lat' dir='ltr'>Quintilianus</span> <span class='ocrx_word' id='word_1_70' title='bbox 1661 1088 1712 1120; x_wconf 91' lang='lat' dir='ltr'>IX</span> <span class='ocrx_word' id='word_1_71' title='bbox 1737 1091 1767 1127; x_wconf 88' lang='lat'>3,</span> <span class='ocrx_word' id='word_1_72' title='bbox 1794 1089 1837 1121; x_wconf 83' lang='grc'>89</span> 
     </span>
     <span class='ocr_line' id='line_1_13' title="bbox 311 1132 1837 1175; baseline 0.001 -12"><span class='ocrx_word' id='word_1_73' title='bbox 311 1132 558 1164; x_wconf 78' lang='lat' dir='ltr'>‘crudelitatis</span> <span class='ocrx_word' id='word_1_74' title='bbox 584 1137 701 1165; x_wconf 79' lang='lat' dir='ltr'>mater</span> <span class='ocrx_word' id='word_1_75' title='bbox 728 1136 784 1164; x_wconf 80' lang='lat' dir='ltr'>est</span> <span class='ocrx_word' id='word_1_76' title='bbox 803 1133 990 1165; x_wconf 81' lang='lat' dir='ltr'>auaritia.’</span> <span class='ocrx_word' id='word_1_77' title='bbox 1025 1133 1114 1164; x_wconf 87' lang='lat' dir='ltr'>Vide</span> <span class='ocrx_word' id='word_1_78' title='bbox 1133 1133 1361 1165; x_wconf 83' lang='lat' dir='ltr'>corollarium</span> <span class='ocrx_word' id='word_1_79' title='bbox 1387 1133 1432 1164; x_wconf 83' lang='lat' dir='ltr'>ad</span> <span class='ocrx_word' id='word_1_80' title='bbox 1451 1137 1543 1175; x_wconf 81' lang='lat' dir='ltr'>trag.</span> <span class='ocrx_word' id='word_1_81' title='bbox 1563 1144 1596 1175; x_wconf 94' lang='lat' dir='ltr'>p.</span> <span class='ocrx_word' id='word_1_82' title='bbox 1615 1133 1771 1166; x_wconf 90' lang='lat' dir='ltr'>LXVIII</span> <span class='ocrx_word' id='word_1_83' title='bbox 1785 1144 1837 1175; x_wconf 90' lang='lat' dir='ltr'>sq.</span> 
     </span>
     <span class='ocr_line' id='line_1_14' title="bbox 400 1177 1835 1220; baseline 0.001 -11"><span class='ocrx_word' id='word_1_84' title='bbox 400 1179 443 1210; x_wconf 77' lang='lat'>84</span> <span class='ocrx_word' id='word_1_85' title='bbox 468 1178 511 1210; x_wconf 87' lang='lat' dir='ltr'>de</span> <span class='ocrx_word' id='word_1_86' title='bbox 538 1188 624 1209; x_wconf 91' lang='lat' dir='ltr'>mor.</span> <span class='ocrx_word' id='word_1_87' title='bbox 655 1179 717 1210; x_wconf 76' lang='lat'>128</span> <span class='ocrx_word' id='word_1_88' title='bbox 744 1179 846 1210; x_wconf 81' lang='lat' dir='ltr'>Vinc.</span> <span class='ocrx_word' id='word_1_89' title='bbox 874 1177 966 1209; x_wconf 88' lang='lat' dir='ltr'>Bell.</span> <span class='ocrx_word' id='word_1_90' title='bbox 986 1188 1037 1220; x_wconf 89' lang='lat' dir='ltr'>sp.</span> <span class='ocrx_word' id='word_1_91' title='bbox 1066 1178 1097 1209; x_wconf 91' lang='lat' dir='ltr'>d.</span> <span class='ocrx_word' id='word_1_92' title='bbox 1117 1180 1154 1219; x_wconf 87' lang='lat'>4,</span> <span class='ocrx_word' id='word_1_93' title='bbox 1182 1179 1237 1212; x_wconf 76' lang='lat'>54.</span> <span class='ocrx_word' id='word_1_94' title='bbox 1265 1180 1328 1210; x_wconf 88' lang='grc'>135</span> <span class='ocrx_word' id='word_1_95' title='bbox 1355 1177 1411 1210; x_wconf 84' lang='lat' dir='ltr'>Cf.</span> <span class='ocrx_word' id='word_1_96' title='bbox 1429 1178 1572 1210; x_wconf 83' lang='lat' dir='ltr'>Seneca</span> <span class='ocrx_word' id='word_1_97' title='bbox 1591 1178 1711 1212; x_wconf 87' lang='lat' dir='ltr'>benef.</span> <span class='ocrx_word' id='word_1_98' title='bbox 1730 1179 1747 1210; x_wconf 94' lang='lat' dir='ltr'>I</span> <span class='ocrx_word' id='word_1_99' title='bbox 1768 1180 1796 1217; x_wconf 91' lang='lat'>1,</span> <span class='ocrx_word' id='word_1_100' title='bbox 1815 1180 1835 1210; x_wconf 84' lang='lat'><em>8</em></span> 
     </span>
     <span class='ocr_line' id='line_1_15' title="bbox 311 1223 1836 1264; baseline 0.001 -10"><span class='ocrx_word' id='word_1_101' title='bbox 311 1226 407 1254; x_wconf 82' lang='lat' dir='ltr'>‘cuin</span> <span class='ocrx_word' id='word_1_102' title='bbox 440 1223 492 1254; x_wconf 80' lang='lat' dir='ltr'>ita</span> <span class='ocrx_word' id='word_1_103' title='bbox 519 1234 539 1254; x_wconf 84' lang='lat' dir='ltr'>a</span> <span class='ocrx_word' id='word_1_104' title='bbox 565 1226 699 1254; x_wconf 81' lang='lat' dir='ltr'>natura</span> <span class='ocrx_word' id='word_1_105' title='bbox 732 1226 981 1264; x_wconf 81' lang='lat' dir='ltr'>comparatum</span> <span class='ocrx_word' id='word_1_106' title='bbox 1007 1223 1072 1264; x_wconf 79' lang='lat' dir='ltr'>sit,</span> <span class='ocrx_word' id='word_1_107' title='bbox 1108 1227 1147 1254; x_wconf 84' lang='lat' dir='ltr'>ut</span> <span class='ocrx_word' id='word_1_108' title='bbox 1172 1223 1282 1255; x_wconf 82' lang='lat' dir='ltr'>altius</span> <span class='ocrx_word' id='word_1_109' title='bbox 1308 1223 1462 1254; x_wconf 79' lang='lat' dir='ltr'>iniuriae</span> <span class='ocrx_word' id='word_1_110' title='bbox 1488 1234 1592 1264; x_wconf 83' lang='lat' dir='ltr'>quam</span> <span class='ocrx_word' id='word_1_111' title='bbox 1620 1224 1750 1256; x_wconf 82' lang='lat' dir='ltr'>merita</span> <span class='ocrx_word' id='word_1_112' title='bbox 1776 1223 1836 1255; x_wconf 90' lang='lat' dir='ltr'>de-</span> 
     </span>
     <span class='ocr_line' id='line_1_16' title="bbox 309 1268 1759 1310; baseline 0.001 -12"><span class='ocrx_word' id='word_1_113' title='bbox 309 1268 488 1300; x_wconf 81' lang='lat' dir='ltr'>scendant</span> <span class='ocrx_word' id='word_1_114' title='bbox 515 1272 550 1300; x_wconf 81' lang='lat' dir='ltr'>ct</span> <span class='ocrx_word' id='word_1_115' title='bbox 576 1268 640 1299; x_wconf 83' lang='lat' dir='ltr'>illa</span> <span class='ocrx_word' id='word_1_116' title='bbox 665 1269 738 1300; x_wconf 85' lang='lat' dir='ltr'>cito</span> <span class='ocrx_word' id='word_1_117' title='bbox 764 1268 943 1305; x_wconf 85' lang='lat' dir='ltr'>defluant,</span> <span class='ocrx_word' id='word_1_118' title='bbox 969 1268 1035 1299; x_wconf 83' lang='lat' dir='ltr'>has</span> <span class='ocrx_word' id='word_1_119' title='bbox 1060 1271 1170 1299; x_wconf 78' lang='lat' dir='ltr'>tenax</span> <span class='ocrx_word' id='word_1_120' title='bbox 1195 1269 1369 1300; x_wconf 85' lang='lat' dir='ltr'>memoria</span> <span class='ocrx_word' id='word_1_121' title='bbox 1394 1269 1596 1300; x_wconf 81' lang='lat' dir='ltr'>custodiat’</span> <span class='ocrx_word' id='word_1_122' title='bbox 1624 1279 1653 1300; x_wconf 91' lang='lat' dir='ltr'>e.</span> <span class='ocrx_word' id='word_1_123' title='bbox 1680 1279 1712 1310; x_wconf 93' lang='lat' dir='ltr'>q.</span> <span class='ocrx_word' id='word_1_124' title='bbox 1732 1279 1759 1300; x_wconf 91' lang='lat' dir='ltr'>s.</span> 
     </span>
     <span class='ocr_line' id='line_1_17' title="bbox 309 1312 1837 1355; baseline 0.001 -11"><span class='ocrx_word' id='word_1_125' title='bbox 309 1315 351 1345; x_wconf 80' lang='lat'>85</span> <span class='ocrx_word' id='word_1_126' title='bbox 369 1312 412 1345; x_wconf 87' lang='lat' dir='ltr'>de</span> <span class='ocrx_word' id='word_1_127' title='bbox 430 1323 515 1345; x_wconf 86' lang='lat' dir='ltr'>mor.</span> <span class='ocrx_word' id='word_1_128' title='bbox 538 1315 577 1345; x_wconf 91' lang='lat'>17</span> <span class='ocrx_word' id='word_1_129' title='bbox 605 1314 706 1347; x_wconf 78' lang='lat' dir='ltr'>Vino.</span> <span class='ocrx_word' id='word_1_130' title='bbox 725 1313 815 1345; x_wconf 84' lang='lat' dir='ltr'>Bell.</span> <span class='ocrx_word' id='word_1_131' title='bbox 835 1315 866 1353; x_wconf 83' lang='lat'>4,</span> <span class='ocrx_word' id='word_1_132' title='bbox 887 1315 951 1345; x_wconf 88' lang='lat'>133</span> <span class='ocrx_word' id='word_1_133' title='bbox 1043 1314 1085 1345; x_wconf 85' lang='grc'>86</span> <span class='ocrx_word' id='word_1_134' title='bbox 1111 1313 1154 1345; x_wconf 87' lang='lat' dir='ltr'>de</span> <span class='ocrx_word' id='word_1_135' title='bbox 1172 1324 1258 1348; x_wconf 84' lang='lat' dir='ltr'>mor.</span> <span class='ocrx_word' id='word_1_136' title='bbox 1275 1315 1316 1345; x_wconf 81' lang='lat'>61</span> <span class='ocrx_word' id='word_1_137' title='bbox 1343 1313 1445 1347; x_wconf 81' lang='lat' dir='ltr'>Vinc.</span> <span class='ocrx_word' id='word_1_138' title='bbox 1467 1313 1558 1345; x_wconf 82' lang='lat' dir='ltr'>Bell.</span> <span class='ocrx_word' id='word_1_139' title='bbox 1585 1323 1638 1355; x_wconf 87' lang='lat' dir='ltr'>sp.</span> <span class='ocrx_word' id='word_1_140' title='bbox 1665 1314 1696 1345; x_wconf 85' lang='lat' dir='ltr'>d.</span> <span class='ocrx_word' id='word_1_141' title='bbox 1721 1314 1753 1351; x_wconf 78' lang='lat'>4,</span> <span class='ocrx_word' id='word_1_142' title='bbox 1780 1315 1837 1345; x_wconf 88' lang='lat'>74.</span> 
     </span>
     <span class='ocr_line' id='line_1_18' title="bbox 311 1358 1835 1400; baseline 0.001 -11"><span class='ocrx_word' id='word_1_143' title='bbox 311 1359 386 1392; x_wconf 85' lang='grc'><strong>136.</strong></span> <span class='ocrx_word' id='word_1_144' title='bbox 413 1358 502 1389; x_wconf 86' lang='lat' dir='ltr'>Vide</span> <span class='ocrx_word' id='word_1_145' title='bbox 523 1359 603 1398; x_wconf 83' lang='lat' dir='ltr'>Syri</span> <span class='ocrx_word' id='word_1_146' title='bbox 621 1362 715 1390; x_wconf 82' lang='lat' dir='ltr'>sent.</span> <span class='ocrx_word' id='word_1_147' title='bbox 734 1359 800 1391; x_wconf 83' lang='lat'>338</span> <span class='ocrx_word' id='word_1_148' title='bbox 819 1359 968 1390; x_wconf 84' lang='lat' dir='ltr'>Laberii</span> <span class='ocrx_word' id='word_1_149' title='bbox 993 1369 1027 1390; x_wconf 92' lang='lat' dir='ltr'>u.</span> <span class='ocrx_word' id='word_1_150' title='bbox 1049 1359 1112 1390; x_wconf 76' lang='lat'>126</span> <span class='ocrx_word' id='word_1_151' title='bbox 1204 1360 1246 1392; x_wconf 83' lang='lat'>87</span> <span class='ocrx_word' id='word_1_152' title='bbox 1267 1369 1319 1400; x_wconf 86' lang='lat' dir='ltr'>sq.</span> <span class='ocrx_word' id='word_1_153' title='bbox 1345 1358 1389 1390; x_wconf 86' lang='lat' dir='ltr'>de</span> <span class='ocrx_word' id='word_1_154' title='bbox 1407 1369 1493 1390; x_wconf 87' lang='lat' dir='ltr'>mor.</span> <span class='ocrx_word' id='word_1_155' title='bbox 1514 1360 1573 1390; x_wconf 73' lang='lat'>141</span> <span class='ocrx_word' id='word_1_156' title='bbox 1669 1360 1711 1391; x_wconf 87' lang='grc'>90</span> <span class='ocrx_word' id='word_1_157' title='bbox 1731 1359 1835 1393; x_wconf 85' lang='lat' dir='ltr'>Vinc.</span> 
     </span>
     <span class='ocr_line' id='line_1_19' title="bbox 309 1403 1836 1445; baseline 0 -11"><span class='ocrx_word' id='word_1_158' title='bbox 309 1403 399 1434; x_wconf 86' lang='lat' dir='ltr'>Bell.</span> <span class='ocrx_word' id='word_1_159' title='bbox 427 1413 481 1445; x_wconf 87' lang='lat' dir='ltr'>sp.</span> <span class='ocrx_word' id='word_1_160' title='bbox 506 1403 537 1434; x_wconf 86' lang='lat' dir='ltr'>d.</span> <span class='ocrx_word' id='word_1_161' title='bbox 564 1405 595 1443; x_wconf 86' lang='lat'>9,</span> <span class='ocrx_word' id='word_1_162' title='bbox 622 1405 662 1435; x_wconf 89' lang='lat'>41</span> <span class='ocrx_word' id='word_1_163' title='bbox 759 1405 800 1435; x_wconf 87' lang='grc'><strong>91</strong></span> <span class='ocrx_word' id='word_1_164' title='bbox 827 1404 932 1439; x_wconf 65' lang='lat' dir='ltr'>Vino,</span> <span class='ocrx_word' id='word_1_165' title='bbox 959 1403 1051 1435; x_wconf 88' lang='lat' dir='ltr'>Bell.</span> <span class='ocrx_word' id='word_1_166' title='bbox 1079 1413 1129 1445; x_wconf 82' lang='lat' dir='ltr'>sp.</span> <span class='ocrx_word' id='word_1_167' title='bbox 1157 1403 1189 1435; x_wconf 85' lang='lat' dir='ltr'>d.</span> <span class='ocrx_word' id='word_1_168' title='bbox 1216 1405 1249 1443; x_wconf 77' lang='lat'>4,</span> <span class='ocrx_word' id='word_1_169' title='bbox 1277 1405 1339 1435; x_wconf 85' lang='lat'>133</span> <span class='ocrx_word' id='word_1_170' title='bbox 1433 1405 1474 1435; x_wconf 79' lang='lat'>92</span> <span class='ocrx_word' id='word_1_171' title='bbox 1502 1403 1602 1436; x_wconf 83' lang='lat' dir='ltr'>Vinc.</span> <span class='ocrx_word' id='word_1_172' title='bbox 1622 1403 1714 1435; x_wconf 86' lang='lat' dir='ltr'>Bell.</span> <span class='ocrx_word' id='word_1_173' title='bbox 1734 1413 1788 1445; x_wconf 89' lang='lat' dir='ltr'>sp.</span> <span class='ocrx_word' id='word_1_174' title='bbox 1804 1403 1836 1434; x_wconf 93' lang='lat' dir='ltr'>d.</span> 
     </span>
     <span class='ocr_line' id='line_1_20' title="bbox 308 1448 1835 1490; baseline 0 -11"><span class='ocrx_word' id='word_1_175' title='bbox 308 1450 340 1487; x_wconf 87' lang='lat'>4,</span> <span class='ocrx_word' id='word_1_176' title='bbox 367 1449 420 1479; x_wconf 86' lang='grc'>66.</span> <span class='ocrx_word' id='word_1_177' title='bbox 449 1449 513 1480; x_wconf 87' lang='grc'>136</span> <span class='ocrx_word' id='word_1_178' title='bbox 606 1450 648 1480; x_wconf 84' lang='grc'>93</span> <span class='ocrx_word' id='word_1_179' title='bbox 674 1448 775 1480; x_wconf 90' lang='lat' dir='ltr'>Vinc.</span> <span class='ocrx_word' id='word_1_180' title='bbox 803 1448 896 1480; x_wconf 83' lang='lat' dir='ltr'>Bell.</span> <span class='ocrx_word' id='word_1_181' title='bbox 924 1459 977 1490; x_wconf 86' lang='lat' dir='ltr'>sp.</span> <span class='ocrx_word' id='word_1_182' title='bbox 1006 1448 1038 1481; x_wconf 89' lang='lat' dir='ltr'>d.</span> <span class='ocrx_word' id='word_1_183' title='bbox 1064 1450 1095 1488; x_wconf 88' lang='lat'>5,</span> <span class='ocrx_word' id='word_1_184' title='bbox 1121 1449 1163 1480; x_wconf 85' lang='grc'>69</span> <span class='ocrx_word' id='word_1_185' title='bbox 1198 1448 1341 1480; x_wconf 89' lang='lat' dir='ltr'>Plinius</span> <span class='ocrx_word' id='word_1_186' title='bbox 1369 1449 1474 1490; x_wconf 81' lang='lat' dir='ltr'>epist.</span> <span class='ocrx_word' id='word_1_187' title='bbox 1501 1449 1550 1480; x_wconf 95' lang='lat' dir='ltr'>VI</span> <span class='ocrx_word' id='word_1_188' title='bbox 1577 1449 1630 1487; x_wconf 91' lang='lat'>17,</span> <span class='ocrx_word' id='word_1_189' title='bbox 1655 1449 1676 1479; x_wconf 86' lang='lat'>4</span> <span class='ocrx_word' id='word_1_190' title='bbox 1709 1448 1835 1480; x_wconf 75' lang='lat' dir='ltr'>‘lauda</span> 
     </span>
     <span class='ocr_line' id='line_1_21' title="bbox 308 1493 1836 1535; baseline 0 -11"><span class='ocrx_word' id='word_1_191' title='bbox 308 1493 367 1524; x_wconf 87' lang='lat' dir='ltr'>uel</span> <span class='ocrx_word' id='word_1_192' title='bbox 392 1493 603 1525; x_wconf 84' lang='lat' dir='ltr'>inferiorem</span> <span class='ocrx_word' id='word_1_193' title='bbox 628 1493 685 1525; x_wconf 90' lang='lat' dir='ltr'>uel</span> <span class='ocrx_word' id='word_1_194' title='bbox 713 1494 938 1535; x_wconf 88' lang='lat' dir='ltr'>superiorem</span> <span class='ocrx_word' id='word_1_195' title='bbox 964 1493 1021 1525; x_wconf 91' lang='lat' dir='ltr'>uel</span> <span class='ocrx_word' id='word_1_196' title='bbox 1041 1503 1163 1535; x_wconf 83' lang='lat' dir='ltr'>parem</span> <span class='ocrx_word' id='word_1_197' title='bbox 1185 1520 1190 1524; x_wconf 87' lang='lat'>.</span> <span class='ocrx_word' id='word_1_198' title='bbox 1213 1520 1219 1526; x_wconf 92' lang='lat'>.</span> <span class='ocrx_word' id='word_1_199' title='bbox 1241 1519 1248 1525; x_wconf 86' lang='lat'><strong>.</strong></span> <span class='ocrx_word' id='word_1_200' title='bbox 1268 1493 1479 1525; x_wconf 85' lang='lat' dir='ltr'>inferiorem</span> <span class='ocrx_word' id='word_1_201' title='bbox 1499 1496 1562 1524; x_wconf 83' lang='lat' dir='ltr'>aut</span> <span class='ocrx_word' id='word_1_202' title='bbox 1587 1503 1724 1535; x_wconf 84' lang='lat' dir='ltr'>parem,</span> <span class='ocrx_word' id='word_1_203' title='bbox 1751 1494 1836 1534; x_wconf 87' lang='lat' dir='ltr'>quia</span> 
     </span>
    </p>
   </div>
   <div class='ocr_carea' id='block_1_4' title="bbox 312 1556 555 1563">
    <p class='ocr_par' dir='ltr' id='par_1_4' title="bbox 312 1556 555 1563">
     <span class='ocr_line' id='line_1_22' title="bbox 312 1556 555 1563; baseline 0 0"><span class='ocrx_word' id='word_1_204' title='bbox 312 1556 555 1563; x_wconf 95' lang='lat' dir='ltr'> </span> 
     </span>
    </p>
   </div>
   <div class='ocr_carea' id='block_1_5' title="bbox 305 1587 1839 2311">
    <p class='ocr_par' dir='ltr' id='par_1_5' title="bbox 305 1587 1839 2311">
     <span class='ocr_line' id='line_1_23' title="bbox 308 1587 1837 1636; baseline 0.001 -13"><span class='ocrx_word' id='word_1_205' title='bbox 308 1589 422 1636; x_wconf 79' lang='lat' dir='ltr'>decipi</span> <span class='ocrx_word' id='word_1_206' title='bbox 455 1588 523 1624; x_wconf 82' lang='lat' dir='ltr'>fert</span> <span class='ocrx_word' id='word_1_207' title='bbox 556 1589 691 1624; x_wconf 79' lang='lat' dir='ltr'>facilius</span> <span class='ocrx_word' id='word_1_208' title='bbox 729 1589 886 1625; x_wconf 72' lang='lat' dir='ltr'>Botln&#39;us</span> <span class='ocrx_word' id='word_1_209' title='bbox 916 1600 945 1627; x_wconf 81' lang='lat' dir='ltr'>r,</span> <span class='ocrx_word' id='word_1_210' title='bbox 978 1599 1015 1623; x_wconf 88' lang='lat' dir='ltr'>se</span> <span class='ocrx_word' id='word_1_211' title='bbox 1048 1589 1081 1623; x_wconf 86' lang='grc' dir='ltr'>Ιι.</span> <span class='ocrx_word' id='word_1_212' title='bbox 1115 1588 1251 1623; x_wconf 86' lang='lat' dir='ltr'>facilius</span> <span class='ocrx_word' id='word_1_213' title='bbox 1285 1588 1353 1623; x_wconf 80' lang='lat' dir='ltr'>sert</span> <span class='ocrx_word' id='word_1_214' title='bbox 1386 1599 1488 1634; x_wconf 86' lang='lat' dir='ltr'>quam</span> <span class='ocrx_word' id='word_1_215' title='bbox 1511 1587 1624 1635; x_wconf 82' lang='lat' dir='ltr'>decipi</span> <span class='ocrx_word' id='word_1_216' title='bbox 1648 1588 1837 1625; x_wconf 82' lang='lat' dir='ltr'>Gruterus</span> 
     </span>
     <span class='ocr_line' id='line_1_24' title="bbox 421 1643 1835 1693; baseline -0.001 -12"><span class='ocrx_word' id='word_1_217' title='bbox 421 1645 473 1681; x_wconf 86' lang='lat'>83</span> <span class='ocrx_word' id='word_1_218' title='bbox 506 1656 635 1693; x_wconf 82' lang='lat' dir='ltr'>respue</span> <span class='ocrx_word' id='word_1_219' title='bbox 678 1645 828 1693; x_wconf 86' lang='lat' dir='ltr'>(respice</span> <span class='ocrx_word' id='word_1_220' title='bbox 862 1643 935 1693; x_wconf 83' lang='grc' dir='ltr'>Εβ)</span> <span class='ocrx_word' id='word_1_221' title='bbox 969 1644 1216 1680; x_wconf 73' lang='lat' dir='ltr'>crudelitatem</span> <span class='ocrx_word' id='word_1_222' title='bbox 1249 1651 1284 1680; x_wconf 90' lang='lat' dir='ltr'>et</span> <span class='ocrx_word' id='word_1_223' title='bbox 1315 1650 1462 1679; x_wconf 88' lang='lat' dir='ltr'>matrem</span> <span class='ocrx_word' id='word_1_224' title='bbox 1494 1644 1717 1680; x_wconf 76' lang='lat' dir='ltr'>crudelitatis</span> <span class='ocrx_word' id='word_1_225' title='bbox 1748 1645 1835 1680; x_wconf 89' lang='lat' dir='ltr'>iram</span> 
     </span>
     <span class='ocr_line' id='line_1_25' title="bbox 309 1700 1839 1750; baseline 0 -13"><span class='ocrx_word' id='word_1_226' title='bbox 309 1700 568 1750; x_wconf 60' lang='lat' dir='ltr'><em>CEFPRssy</em></span> <span class='ocrx_word' id='word_1_227' title='bbox 602 1701 776 1737; x_wconf 83' lang='lat' dir='ltr'>deuitabis</span> <span class='ocrx_word' id='word_1_228' title='bbox 816 1701 1065 1737; x_wconf 80' lang='lat' dir='ltr'>crudelitatem</span> <span class='ocrx_word' id='word_1_229' title='bbox 1107 1706 1141 1736; x_wconf 93' lang='lat' dir='ltr'>et</span> <span class='ocrx_word' id='word_1_230' title='bbox 1182 1701 1376 1736; x_wconf 85' lang='lat' dir='ltr'>ministram</span> <span class='ocrx_word' id='word_1_231' title='bbox 1416 1700 1637 1736; x_wconf 76' lang='lat' dir='ltr'>crudelitatis</span> <span class='ocrx_word' id='word_1_232' title='bbox 1677 1702 1765 1736; x_wconf 86' lang='lat' dir='ltr'>iram</span> <span class='ocrx_word' id='word_1_233' title='bbox 1795 1701 1839 1737; x_wconf 89' lang='lat' dir='ltr'><em>M</em></span> 
     </span>
     <span class='ocr_line' id='line_1_26' title="bbox 422 1755 1833 1805; baseline -0.001 -12"><span class='ocrx_word' id='word_1_234' title='bbox 422 1758 474 1793; x_wconf 72' lang='lat'>84</span> <span class='ocrx_word' id='word_1_235' title='bbox 507 1769 544 1794; x_wconf 87' lang='lat' dir='ltr'>re</span> <span class='ocrx_word' id='word_1_236' title='bbox 576 1769 659 1794; x_wconf 88' lang='lat' dir='ltr'>uera</span> <span class='ocrx_word' id='word_1_237' title='bbox 692 1759 860 1793; x_wconf 82' lang='lat' dir='ltr'>memoria</span> <span class='ocrx_word' id='word_1_238' title='bbox 892 1756 1146 1793; x_wconf 81' lang='lat' dir='ltr'>beneficiorum</span> <span class='ocrx_word' id='word_1_239' title='bbox 1180 1755 1353 1802; x_wconf 78' lang='lat' dir='ltr'>(beneficii</span> <span class='ocrx_word' id='word_1_240' title='bbox 1385 1756 1433 1805; x_wconf 87' lang='lat' dir='ltr'>F)</span> <span class='ocrx_word' id='word_1_241' title='bbox 1466 1756 1602 1804; x_wconf 82' lang='lat' dir='ltr'>fragilis</span> <span class='ocrx_word' id='word_1_242' title='bbox 1636 1756 1768 1805; x_wconf 82' lang='lat' dir='ltr'>(breuis</span> <span class='ocrx_word' id='word_1_243' title='bbox 1793 1756 1833 1803; x_wconf 84' lang='lat' dir='ltr'>C)</span> 
     </span>
     <span class='ocr_line' id='line_1_27' title="bbox 307 1811 1834 1862; baseline -0.001 -12"><span class='ocrx_word' id='word_1_244' title='bbox 307 1820 380 1859; x_wconf 89' lang='lat' dir='ltr'>est,</span> <span class='ocrx_word' id='word_1_245' title='bbox 421 1816 630 1850; x_wconf 87' lang='lat' dir='ltr'>iniuriarum</span> <span class='ocrx_word' id='word_1_246' title='bbox 664 1820 766 1850; x_wconf 78' lang='lat' dir='ltr'>tenax</span> <span class='ocrx_word' id='word_1_247' title='bbox 801 1812 881 1860; x_wconf 81' lang='lat' dir='ltr'>(om.</span> <span class='ocrx_word' id='word_1_248' title='bbox 915 1812 952 1862; x_wconf 82' lang='grc' dir='ltr'>β)</span> <span class='ocrx_word' id='word_1_249' title='bbox 988 1811 1207 1862; x_wconf 63' lang='grc' dir='ltr'>6*ΕΡΒβ,Ῐ]</span> <span class='ocrx_word' id='word_1_250' title='bbox 1245 1813 1347 1848; x_wconf 89' lang='lat' dir='ltr'>multi</span> <span class='ocrx_word' id='word_1_251' title='bbox 1376 1819 1461 1849; x_wconf 91' lang='lat' dir='ltr'>sunt</span> <span class='ocrx_word' id='word_1_252' title='bbox 1492 1812 1693 1861; x_wconf 81' lang='lat' dir='ltr'>obligandi,</span> <span class='ocrx_word' id='word_1_253' title='bbox 1733 1814 1834 1861; x_wconf 89' lang='lat' dir='ltr'>pauci</span> 
     </span>
     <span class='ocr_line' id='line_1_28' title="bbox 305 1869 1835 1917; baseline -0.001 -11"><span class='ocrx_word' id='word_1_254' title='bbox 305 1876 391 1906; x_wconf 89' lang='lat' dir='ltr'>sunt</span> <span class='ocrx_word' id='word_1_255' title='bbox 422 1871 642 1907; x_wconf 78' lang='lat' dir='ltr'>offendendi:</span> <span class='ocrx_word' id='word_1_256' title='bbox 674 1882 753 1906; x_wconf 85' lang='lat' dir='ltr'>nani</span> <span class='ocrx_word' id='word_1_257' title='bbox 785 1871 953 1906; x_wconf 87' lang='lat' dir='ltr'>memoria</span> <span class='ocrx_word' id='word_1_258' title='bbox 977 1881 1007 1906; x_wconf 86' lang='lat' dir='ltr'>e.</span> <span class='ocrx_word' id='word_1_259' title='bbox 1030 1883 1063 1917; x_wconf 84' lang='lat' dir='ltr'>q.</span> <span class='ocrx_word' id='word_1_260' title='bbox 1087 1880 1117 1906; x_wconf 82' lang='lat' dir='ltr'>s.</span> <span class='ocrx_word' id='word_1_261' title='bbox 1140 1870 1181 1905; x_wconf 88' lang='lat' dir='ltr'><em>M</em></span> <span class='ocrx_word' id='word_1_262' title='bbox 1211 1869 1367 1905; x_wconf 88' lang='lat' dir='ltr'>solarum</span> <span class='ocrx_word' id='word_1_263' title='bbox 1395 1870 1601 1905; x_wconf 88' lang='lat' dir='ltr'>iniuriarum</span> <span class='ocrx_word' id='word_1_264' title='bbox 1632 1870 1835 1905; x_wconf 83' lang='lat' dir='ltr'>memoriast</span> 
     </span>
     <span class='ocr_line' id='line_1_29' title="bbox 308 1926 1722 1974; baseline 0 -12"><span class='ocrx_word' id='word_1_265' title='bbox 308 1933 413 1962; x_wconf 74' lang='lat' dir='ltr'>tenax</span> <span class='ocrx_word' id='word_1_266' title='bbox 445 1927 522 1963; x_wconf 72' lang='lat' dir='ltr'>lusi</span> <span class='ocrx_word' id='word_1_267' title='bbox 546 1932 770 1974; x_wconf 75' lang='lat' dir='ltr'>praeterea.</span> <span class='ocrx_word' id='word_1_268' title='bbox 889 1927 940 1962; x_wconf 70' lang='lat'>85</span> <span class='ocrx_word' id='word_1_269' title='bbox 973 1926 1135 1961; x_wconf 79' lang='lat' dir='ltr'>ridiclum</span> <span class='ocrx_word' id='word_1_270' title='bbox 1174 1929 1210 1962; x_wconf 75' lang='lat' dir='ltr'>in</span> <span class='ocrx_word' id='word_1_271' title='bbox 1252 1937 1368 1962; x_wconf 76' lang='lat' dir='ltr'>uersu</span> <span class='ocrx_word' id='word_1_272' title='bbox 1397 1927 1722 1972; x_wconf 75' lang='lat' dir='ltr'>pronuntiandum</span> 
     </span>
     <span class='ocr_line' id='line_1_30' title="bbox 308 1979 1832 2033; baseline -0.001 -15"><span class='ocrx_word' id='word_1_273' title='bbox 308 1980 408 2033; x_wconf 88' lang='lat' dir='ltr'>odio]</span> <span class='ocrx_word' id='word_1_274' title='bbox 442 1984 596 2031; x_wconf 85' lang='lat' dir='ltr'>aliquem</span> <span class='ocrx_word' id='word_1_275' title='bbox 639 1983 722 2019; x_wconf 88' lang='lat' dir='ltr'>odio</span> <span class='ocrx_word' id='word_1_276' title='bbox 753 1983 851 2026; x_wconf 83' lang='lat' dir='ltr'>M,V</span> <span class='ocrx_word' id='word_1_277' title='bbox 993 1979 1175 2031; x_wconf 88' lang='lat' dir='ltr'>nocentis]</span> <span class='ocrx_word' id='word_1_278' title='bbox 1215 1983 1414 2017; x_wconf 77' lang='lat' dir='ltr'>innocentis</span> <span class='ocrx_word' id='word_1_279' title='bbox 1445 1979 1471 2030; x_wconf 87' lang='grc' dir='ltr'>β</span> <span class='ocrx_word' id='word_1_280' title='bbox 1604 1984 1832 2017; x_wconf 84' lang='lat' dir='ltr'>innocentem</span> 
     </span>
     <span class='ocr_line' id='line_1_31' title="bbox 307 2037 1833 2087; baseline -0.001 -12"><span class='ocrx_word' id='word_1_281' title='bbox 307 2042 449 2086; x_wconf 70' lang='lat' dir='ltr'>scripsi</span> <span class='ocrx_word' id='word_1_282' title='bbox 471 2040 710 2075; x_wconf 87' lang='lat' dir='ltr'>innocentiam</span> <span class='ocrx_word' id='word_1_283' title='bbox 735 2037 906 2087; x_wconf 67' lang='lat' dir='ltr'>CFPRss,</span> <span class='ocrx_word' id='word_1_284' title='bbox 922 2039 952 2075; x_wconf 73' lang='lat' dir='ltr'><em>V</em></span> <span class='ocrx_word' id='word_1_285' title='bbox 971 2039 1209 2074; x_wconf 83' lang='lat' dir='ltr'>innocentiam</span> <span class='ocrx_word' id='word_1_286' title='bbox 1234 2049 1331 2073; x_wconf 88' lang='lat' dir='ltr'>suam</span> <span class='ocrx_word' id='word_1_287' title='bbox 1355 2038 1397 2073; x_wconf 89' lang='lat' dir='ltr'><em>M</em></span> <span class='ocrx_word' id='word_1_288' title='bbox 1494 2037 1643 2085; x_wconf 84' lang='lat' dir='ltr'>perdere</span> <span class='ocrx_word' id='word_1_289' title='bbox 1664 2039 1833 2074; x_wconf 87' lang='lat' dir='ltr'>innocen-</span> 
     </span>
     <span class='ocr_line' id='line_1_32' title="bbox 307 2092 1833 2143; baseline -0.001 -13"><span class='ocrx_word' id='word_1_290' title='bbox 307 2097 388 2131; x_wconf 87' lang='lat' dir='ltr'>tiam</span> <span class='ocrx_word' id='word_1_291' title='bbox 421 2097 627 2132; x_wconf 71' lang='lat' dir='ltr'>Fabricius</span> <span class='ocrx_word' id='word_1_292' title='bbox 658 2107 678 2131; x_wconf 81' lang='lat' dir='ltr'>e</span> <span class='ocrx_word' id='word_1_293' title='bbox 708 2107 775 2132; x_wconf 76' lang='lat' dir='ltr'>ms.</span> <span class='ocrx_word' id='word_1_294' title='bbox 893 2094 944 2130; x_wconf 87' lang='lat'>87</span> <span class='ocrx_word' id='word_1_295' title='bbox 976 2106 1030 2141; x_wconf 77' lang='lat' dir='ltr'>sq.</span> <span class='ocrx_word' id='word_1_296' title='bbox 1065 2094 1209 2143; x_wconf 78' lang='lat' dir='ltr'>regibus</span> <span class='ocrx_word' id='word_1_297' title='bbox 1242 2093 1488 2142; x_wconf 83' lang='lat' dir='ltr'>(regnantibus</span> <span class='ocrx_word' id='word_1_298' title='bbox 1521 2092 1596 2141; x_wconf 82' lang='lat' dir='ltr'>Mc)</span> <span class='ocrx_word' id='word_1_299' title='bbox 1638 2096 1738 2141; x_wconf 88' lang='lat' dir='ltr'>peius</span> <span class='ocrx_word' id='word_1_300' title='bbox 1778 2101 1833 2130; x_wconf 87' lang='lat' dir='ltr'>est</span> 
     </span>
     <span class='ocr_line' id='line_1_33' title="bbox 308 2149 1833 2199; baseline 0 -13"><span class='ocrx_word' id='word_1_301' title='bbox 308 2152 420 2187; x_wconf 81' lang='lat' dir='ltr'>multo</span> <span class='ocrx_word' id='word_1_302' title='bbox 454 2162 561 2199; x_wconf 81' lang='lat' dir='ltr'>quani</span> <span class='ocrx_word' id='word_1_303' title='bbox 593 2152 835 2188; x_wconf 87' lang='lat' dir='ltr'>seruientibus</span> <span class='ocrx_word' id='word_1_304' title='bbox 868 2150 935 2199; x_wconf 87' lang='lat' dir='ltr'>(cst</span> <span class='ocrx_word' id='word_1_305' title='bbox 968 2164 1035 2187; x_wconf 84' lang='lat' dir='ltr'>om.</span> <span class='ocrx_word' id='word_1_306' title='bbox 1068 2152 1112 2197; x_wconf 89' lang='lat' dir='ltr'>F,</span> <span class='ocrx_word' id='word_1_307' title='bbox 1146 2151 1279 2186; x_wconf 89' lang='lat' dir='ltr'>multos</span> <span class='ocrx_word' id='word_1_308' title='bbox 1300 2149 1345 2199; x_wconf 74' lang='grc' dir='ltr'>β;</span> <span class='ocrx_word' id='word_1_309' title='bbox 1379 2150 1490 2185; x_wconf 85' lang='lat' dir='ltr'>multo</span> <span class='ocrx_word' id='word_1_310' title='bbox 1523 2151 1624 2198; x_wconf 87' lang='lat' dir='ltr'>peius</span> <span class='ocrx_word' id='word_1_311' title='bbox 1656 2157 1710 2186; x_wconf 86' lang='lat' dir='ltr'>est</span> <span class='ocrx_word' id='word_1_312' title='bbox 1740 2151 1833 2198; x_wconf 87' lang='lat' dir='ltr'>peri-</span> 
     </span>
     <span class='ocr_line' id='line_1_34' title="bbox 305 2205 1831 2256; baseline -0.001 -12"><span class='ocrx_word' id='word_1_313' title='bbox 305 2208 423 2244; x_wconf 83' lang='lat' dir='ltr'>eulum</span> <span class='ocrx_word' id='word_1_314' title='bbox 457 2220 560 2255; x_wconf 84' lang='lat' dir='ltr'>quam</span> <span class='ocrx_word' id='word_1_315' title='bbox 592 2208 647 2243; x_wconf 86' lang='lat' dir='ltr'>his</span> <span class='ocrx_word' id='word_1_316' title='bbox 679 2210 739 2256; x_wconf 88' lang='lat' dir='ltr'>qui</span> <span class='ocrx_word' id='word_1_317' title='bbox 770 2208 971 2244; x_wconf 84' lang='lat' dir='ltr'>iudicantur</span> <span class='ocrx_word' id='word_1_318' title='bbox 992 2208 1066 2253; x_wconf 62' lang='lat' dir='ltr'>MJ:</span> <span class='ocrx_word' id='word_1_319' title='bbox 1099 2219 1136 2243; x_wconf 91' lang='lat' dir='ltr'>re</span> <span class='ocrx_word' id='word_1_320' title='bbox 1169 2218 1250 2242; x_wconf 86' lang='lat' dir='ltr'>uera</span> <span class='ocrx_word' id='word_1_321' title='bbox 1284 2205 1367 2256; x_wconf 82' lang='lat' dir='ltr'>(om.</span> <span class='ocrx_word' id='word_1_322' title='bbox 1391 2206 1483 2254; x_wconf 80' lang='lat' dir='ltr'>Mc),</span> <span class='ocrx_word' id='word_1_323' title='bbox 1516 2208 1596 2254; x_wconf 84' lang='lat' dir='ltr'>quia</span> <span class='ocrx_word' id='word_1_324' title='bbox 1627 2207 1675 2242; x_wconf 91' lang='lat' dir='ltr'>illi</span> <span class='ocrx_word' id='word_1_325' title='bbox 1706 2208 1831 2255; x_wconf 82' lang='lat' dir='ltr'>singu-</span> 
     </span>
     <span class='ocr_line' id='line_1_35' title="bbox 307 2261 1832 2311; baseline -0.001 -12"><span class='ocrx_word' id='word_1_326' title='bbox 307 2264 382 2311; x_wconf 86' lang='lat' dir='ltr'>los,</span> <span class='ocrx_word' id='word_1_327' title='bbox 414 2266 474 2300; x_wconf 90' lang='lat' dir='ltr'>isti</span> <span class='ocrx_word' id='word_1_328' title='bbox 515 2265 703 2300; x_wconf 89' lang='lat' dir='ltr'>uniuersos</span> <span class='ocrx_word' id='word_1_329' title='bbox 744 2266 868 2300; x_wconf 87' lang='lat' dir='ltr'>timent</span> <span class='ocrx_word' id='word_1_330' title='bbox 910 2261 1092 2311; x_wconf 81' lang='lat' dir='ltr'>(singulos</span> <span class='ocrx_word' id='word_1_331' title='bbox 1122 2264 1173 2300; x_wconf 88' lang='lat' dir='ltr'>illi</span> <span class='ocrx_word' id='word_1_332' title='bbox 1205 2265 1259 2303; x_wconf 16' lang='lat' dir='ltr'>Fr:</span> <span class='ocrx_word' id='word_1_333' title='bbox 1299 2261 1334 2298; x_wconf 82' lang='lat' dir='ltr'>hi</span> <span class='ocrx_word' id='word_1_334' title='bbox 1366 2264 1459 2298; x_wconf 85' lang='lat' dir='ltr'>enim</span> <span class='ocrx_word' id='word_1_335' title='bbox 1497 2263 1659 2310; x_wconf 83' lang='lat' dir='ltr'>singulos</span> <span class='ocrx_word' id='word_1_336' title='bbox 1693 2264 1832 2309; x_wconf 88' lang='lat' dir='ltr'>timent,</span> 
     </span>
    </p>
   </div>
   <div class='ocr_carea' id='block_1_6' title="bbox 235 2319 1831 2369">
    <p class='ocr_par' dir='ltr' id='par_1_6' title="bbox 235 2319 1831 2369">
     <span class='ocr_line' id='line_1_36' title="bbox 235 2319 1831 2369; baseline -0.001 -13"><span class='ocrx_word' id='word_1_337' title='bbox 235 2353 250 2362; x_wconf 57' lang='lat'>„</span> <span class='ocrx_word' id='word_1_338' title='bbox 305 2321 354 2356; x_wconf 85' lang='lat' dir='ltr'>illi</span> <span class='ocrx_word' id='word_1_339' title='bbox 381 2322 566 2356; x_wconf 87' lang='lat' dir='ltr'>uniuersos</span> <span class='ocrx_word' id='word_1_340' title='bbox 589 2320 641 2368; x_wconf 85' lang='lat' dir='ltr'>M)</span> <span class='ocrx_word' id='word_1_341' title='bbox 667 2319 933 2369; x_wconf 65' lang='lat' dir='ltr'>CEFMPRssc</span> <span class='ocrx_word' id='word_1_342' title='bbox 958 2319 1034 2356; x_wconf 89' lang='grc'>114</span> <span class='ocrx_word' id='word_1_343' title='bbox 1124 2320 1175 2357; x_wconf 82' lang='grc'>89</span> <span class='ocrx_word' id='word_1_344' title='bbox 1199 2331 1254 2356; x_wconf 87' lang='lat' dir='ltr'>res</span> <span class='ocrx_word' id='word_1_345' title='bbox 1278 2321 1350 2367; x_wconf 85' lang='lat' dir='ltr'>ipsa</span> <span class='ocrx_word' id='word_1_346' title='bbox 1375 2324 1413 2354; x_wconf 87' lang='lat' dir='ltr'>ut</span> <span class='ocrx_word' id='word_1_347' title='bbox 1441 2325 1620 2366; x_wconf 88' lang='lat' dir='ltr'>praestare</span> <span class='ocrx_word' id='word_1_348' title='bbox 1652 2321 1831 2366; x_wconf 88' lang='lat' dir='ltr'>possimus</span> 
     </span>
    </p>
   </div>
   <div class='ocr_carea' id='block_1_7' title="bbox 305 2373 1835 2932">
    <p class='ocr_par' dir='ltr' id='par_1_7' title="bbox 305 2373 1835 2932">
     <span class='ocr_line' id='line_1_37' title="bbox 306 2373 1832 2425; baseline 0 -14"><span class='ocrx_word' id='word_1_349' title='bbox 306 2376 458 2423; x_wconf 82' lang='lat' dir='ltr'>efficiet,</span> <span class='ocrx_word' id='word_1_350' title='bbox 497 2378 526 2412; x_wconf 89' lang='lat' dir='ltr'>si</span> <span class='ocrx_word' id='word_1_351' title='bbox 564 2377 725 2424; x_wconf 86' lang='lat' dir='ltr'>polliceri</span> <span class='ocrx_word' id='word_1_352' title='bbox 766 2388 999 2425; x_wconf 84' lang='lat' dir='ltr'>properamus</span> <span class='ocrx_word' id='word_1_353' title='bbox 1040 2374 1080 2424; x_wconf 88' lang='lat' dir='ltr'>(si</span> <span class='ocrx_word' id='word_1_354' title='bbox 1120 2377 1369 2424; x_wconf 87' lang='lat' dir='ltr'>promittamus</span> <span class='ocrx_word' id='word_1_355' title='bbox 1402 2373 1440 2423; x_wconf 81' lang='lat' dir='ltr'>C)</span> <span class='ocrx_word' id='word_1_356' title='bbox 1482 2376 1631 2411; x_wconf 85' lang='lat' dir='ltr'>honesta</span> <span class='ocrx_word' id='word_1_357' title='bbox 1672 2374 1832 2424; x_wconf 66' lang='lat' dir='ltr'><em>CFPRss</em></span> 
     </span>
     <span class='ocr_line' id='line_1_38' title="bbox 307 2430 1829 2481; baseline -0.002 -12"><span class='ocrx_word' id='word_1_358' title='bbox 307 2433 365 2480; x_wconf 88' lang='lat' dir='ltr'>Cf.</span> <span class='ocrx_word' id='word_1_359' title='bbox 401 2433 479 2469; x_wconf 83' lang='lat'>124</span> <span class='ocrx_word' id='word_1_360' title='bbox 597 2434 650 2470; x_wconf 82' lang='lat'>90</span> <span class='ocrx_word' id='word_1_361' title='bbox 680 2446 752 2469; x_wconf 89' lang='lat' dir='ltr'>rem</span> <span class='ocrx_word' id='word_1_362' title='bbox 794 2434 977 2469; x_wconf 82' lang='lat' dir='ltr'>maximam</span> <span class='ocrx_word' id='word_1_363' title='bbox 1019 2434 1196 2481; x_wconf 85' lang='lat' dir='ltr'>promittit</span> <span class='ocrx_word' id='word_1_364' title='bbox 1235 2431 1296 2467; x_wconf 85' lang='lat' dir='ltr'>tibi</span> <span class='ocrx_word' id='word_1_365' title='bbox 1330 2430 1411 2480; x_wconf 88' lang='lat' dir='ltr'>(om.</span> <span class='ocrx_word' id='word_1_366' title='bbox 1445 2432 1490 2475; x_wconf 88' lang='lat' dir='ltr'>F,</span> <span class='ocrx_word' id='word_1_367' title='bbox 1531 2435 1567 2467; x_wconf 78' lang='lat' dir='ltr'>in</span> <span class='ocrx_word' id='word_1_368' title='bbox 1599 2444 1669 2479; x_wconf 69' lang='lat' dir='ltr'>my.</span> <span class='ocrx_word' id='word_1_369' title='bbox 1702 2430 1739 2480; x_wconf 87' lang='grc' dir='ltr'>β)</span> <span class='ocrx_word' id='word_1_370' title='bbox 1772 2443 1829 2466; x_wconf 84' lang='lat' dir='ltr'>sa-</span> 
     </span>
     <span class='ocr_line' id='line_1_39' title="bbox 305 2487 1827 2538; baseline -0.001 -13"><span class='ocrx_word' id='word_1_371' title='bbox 305 2491 459 2537; x_wconf 84' lang='lat' dir='ltr'>pientia,</span> <span class='ocrx_word' id='word_1_372' title='bbox 498 2494 538 2525; x_wconf 89' lang='lat' dir='ltr'>ut</span> <span class='ocrx_word' id='word_1_373' title='bbox 579 2495 612 2525; x_wconf 85' lang='lat' dir='ltr'>te</span> <span class='ocrx_word' id='word_1_374' title='bbox 650 2491 797 2526; x_wconf 86' lang='lat' dir='ltr'>reducat</span> <span class='ocrx_word' id='word_1_375' title='bbox 837 2489 897 2524; x_wconf 86' lang='lat' dir='ltr'>tibi</span> <span class='ocrx_word' id='word_1_376' title='bbox 932 2488 1160 2538; x_wconf 69' lang='lat' dir='ltr'><em>CFPRss‚V.·</em></span> <span class='ocrx_word' id='word_1_377' title='bbox 1198 2489 1267 2524; x_wconf 89' lang='lat' dir='ltr'>hoc</span> <span class='ocrx_word' id='word_1_378' title='bbox 1306 2493 1344 2523; x_wconf 90' lang='lat' dir='ltr'>ut</span> <span class='ocrx_word' id='word_1_379' title='bbox 1385 2494 1418 2523; x_wconf 88' lang='lat' dir='ltr'>te</span> <span class='ocrx_word' id='word_1_380' title='bbox 1458 2487 1583 2523; x_wconf 84' lang='lat' dir='ltr'>reddat</span> <span class='ocrx_word' id='word_1_381' title='bbox 1620 2487 1679 2523; x_wconf 84' lang='lat' dir='ltr'>tibi</span> <span class='ocrx_word' id='word_1_382' title='bbox 1715 2499 1827 2534; x_wconf 80' lang='lat' dir='ltr'>prop.</span> 
     </span>
     <span class='ocr_line' id='line_1_40' title="bbox 307 2544 1835 2594; baseline -0.001 -13"><span class='ocrx_word' id='word_1_383' title='bbox 307 2546 573 2582; x_wconf 63' lang='lat' dir='ltr'>Buecheler-us</span> <span class='ocrx_word' id='word_1_384' title='bbox 717 2547 766 2583; x_wconf 84' lang='lat'>91</span> <span class='ocrx_word' id='word_1_385' title='bbox 808 2552 904 2581; x_wconf 84' lang='lat' dir='ltr'>recta</span> <span class='ocrx_word' id='word_1_386' title='bbox 940 2547 1083 2594; x_wconf 86' lang='lat' dir='ltr'>ingenia</span> <span class='ocrx_word' id='word_1_387' title='bbox 1121 2545 1282 2581; x_wconf 82' lang='lat' dir='ltr'>debilitat</span> <span class='ocrx_word' id='word_1_388' title='bbox 1317 2544 1530 2580; x_wconf 84' lang='lat' dir='ltr'>uerecundia</span> <span class='ocrx_word' id='word_1_389' title='bbox 1572 2544 1761 2592; x_wconf 71' lang='lat' dir='ltr'>(iracundia</span> <span class='ocrx_word' id='word_1_390' title='bbox 1803 2544 1835 2579; x_wconf 89' lang='lat' dir='ltr'><em>V</em></span> 
     </span>
     <span class='ocr_line' id='line_1_41' title="bbox 305 2599 1828 2650; baseline -0.001 -12"><span class='ocrx_word' id='word_1_391' title='bbox 305 2603 477 2650; x_wconf 82' lang='lat' dir='ltr'>sapientia</span> <span class='ocrx_word' id='word_1_392' title='bbox 511 2603 561 2637; x_wconf 88' lang='lat' dir='ltr'>F:</span> <span class='ocrx_word' id='word_1_393' title='bbox 593 2603 648 2649; x_wconf 81' lang='lat' dir='ltr'>ef.</span> <span class='ocrx_word' id='word_1_394' title='bbox 682 2602 769 2650; x_wconf 81' lang='lat'>90),</span> <span class='ocrx_word' id='word_1_395' title='bbox 809 2613 920 2650; x_wconf 88' lang='lat' dir='ltr'>praua</span> <span class='ocrx_word' id='word_1_396' title='bbox 953 2599 1072 2649; x_wconf 86' lang='lat' dir='ltr'>(parua</span> <span class='ocrx_word' id='word_1_397' title='bbox 1104 2603 1161 2637; x_wconf 79' lang='lat' dir='ltr'>Fe</span> <span class='ocrx_word' id='word_1_398' title='bbox 1193 2611 1361 2649; x_wconf 88' lang='lat' dir='ltr'>peruersa</span> <span class='ocrx_word' id='word_1_399' title='bbox 1393 2599 1431 2645; x_wconf 82' lang='lat' dir='ltr'>C)</span> <span class='ocrx_word' id='word_1_400' title='bbox 1472 2599 1658 2636; x_wconf 78' lang='lat' dir='ltr'>confirmat</span> <span class='ocrx_word' id='word_1_401' title='bbox 1688 2600 1828 2636; x_wconf 88' lang='lat' dir='ltr'>audacia</span> 
     </span>
     <span class='ocr_line' id='line_1_42' title="bbox 307 2655 1828 2707; baseline -0.002 -12"><span class='ocrx_word' id='word_1_402' title='bbox 307 2657 492 2707; x_wconf 66' lang='lat' dir='ltr'><em>CFPRssc</em></span> <span class='ocrx_word' id='word_1_403' title='bbox 515 2659 594 2695; x_wconf 89' lang='grc'>116</span> <span class='ocrx_word' id='word_1_404' title='bbox 628 2660 677 2705; x_wconf 66' lang='lat' dir='ltr'>(in</span> <span class='ocrx_word' id='word_1_405' title='bbox 699 2661 771 2696; x_wconf 74' lang='lat' dir='ltr'>hoc</span> <span class='ocrx_word' id='word_1_406' title='bbox 788 2660 991 2706; x_wconf 80' lang='lat' dir='ltr'>praecedit</span> <span class='ocrx_word' id='word_1_407' title='bbox 1021 2655 1186 2705; x_wconf 79' lang='lat' dir='ltr'>Seneca),</span> <span class='ocrx_word' id='word_1_408' title='bbox 1220 2658 1251 2694; x_wconf 95' lang='lat' dir='ltr'><em>V</em></span> <span class='ocrx_word' id='word_1_409' title='bbox 1363 2656 1413 2693; x_wconf 80' lang='lat'>92</span> <span class='ocrx_word' id='word_1_410' title='bbox 1445 2667 1502 2692; x_wconf 90' lang='lat' dir='ltr'>res</span> <span class='ocrx_word' id='word_1_411' title='bbox 1525 2657 1656 2704; x_wconf 79' lang='lat' dir='ltr'>optima</span> <span class='ocrx_word' id='word_1_412' title='bbox 1682 2662 1736 2691; x_wconf 89' lang='lat' dir='ltr'>est</span> <span class='ocrx_word' id='word_1_413' title='bbox 1758 2668 1828 2692; x_wconf 90' lang='lat' dir='ltr'>non</span> 
     </span>
     <span class='ocr_line' id='line_1_43' title="bbox 305 2713 1829 2763; baseline -0.001 -14"><span class='ocrx_word' id='word_1_414' title='bbox 305 2715 502 2751; x_wconf 82' lang='lat' dir='ltr'>sceleratos</span> <span class='ocrx_word' id='word_1_415' title='bbox 542 2716 737 2763; x_wconf 78' lang='lat' dir='ltr'>exstirpare</span> <span class='ocrx_word' id='word_1_416' title='bbox 770 2713 832 2762; x_wconf 84' lang='lat' dir='ltr'>(sc.</span> <span class='ocrx_word' id='word_1_417' title='bbox 872 2715 1023 2762; x_wconf 81' lang='lat' dir='ltr'>stirpare</span> <span class='ocrx_word' id='word_1_418' title='bbox 1052 2714 1174 2763; x_wconf 69' lang='lat' dir='ltr'><em>PRssc</em></span> <span class='ocrx_word' id='word_1_419' title='bbox 1212 2725 1262 2750; x_wconf 88' lang='lat' dir='ltr'>sc.</span> <span class='ocrx_word' id='word_1_420' title='bbox 1299 2723 1471 2760; x_wconf 76' lang='lat' dir='ltr'>extirpare</span> <span class='ocrx_word' id='word_1_421' title='bbox 1502 2713 1540 2748; x_wconf 88' lang='lat' dir='ltr'><em>E</em></span> <span class='ocrx_word' id='word_1_422' title='bbox 1573 2723 1623 2747; x_wconf 89' lang='lat' dir='ltr'>sc.</span> <span class='ocrx_word' id='word_1_423' title='bbox 1664 2723 1829 2760; x_wconf 87' lang='lat' dir='ltr'>rumpere</span> 
     </span>
     <span class='ocr_line' id='line_1_44' title="bbox 317 2764 1833 2819; baseline -0.001 -12"><span class='ocrx_word' id='word_1_424' title='bbox 317 2772 346 2807; x_wconf 83' lang='lat' dir='ltr'><em>V</em></span> <span class='ocrx_word' id='word_1_425' title='bbox 374 2770 413 2817; x_wconf 82' lang='lat'>4,</span> <span class='ocrx_word' id='word_1_426' title='bbox 446 2771 497 2808; x_wconf 83' lang='lat'>66</span> <span class='ocrx_word' id='word_1_427' title='bbox 529 2772 727 2819; x_wconf 79' lang='lat' dir='ltr'>exstirpare</span> <span class='ocrx_word' id='word_1_428' title='bbox 750 2783 801 2808; x_wconf 89' lang='lat' dir='ltr'>sc.</span> <span class='ocrx_word' id='word_1_429' title='bbox 825 2770 871 2819; x_wconf 83' lang='lat' dir='ltr'>F)</span> <span class='ocrx_word' id='word_1_430' title='bbox 895 2771 958 2806; x_wconf 87' lang='lat' dir='ltr'>sed</span> <span class='ocrx_word' id='word_1_431' title='bbox 982 2771 1115 2807; x_wconf 86' lang='lat' dir='ltr'>scelera</span> <span class='ocrx_word' id='word_1_432' title='bbox 1146 2770 1320 2817; x_wconf 84' lang='lat' dir='ltr'>(excelcra</span> <span class='ocrx_word' id='word_1_433' title='bbox 1351 2764 1418 2817; x_wconf 67' lang='lat' dir='ltr'>Pb)</span> <span class='ocrx_word' id='word_1_434' title='bbox 1464 2765 1652 2816; x_wconf 68' lang='lat' dir='ltr'>EFPRssc</span> <span class='ocrx_word' id='word_1_435' title='bbox 1676 2769 1769 2816; x_wconf 88' lang='grc'><strong>106,</strong></span> <span class='ocrx_word' id='word_1_436' title='bbox 1804 2770 1833 2806; x_wconf 83' lang='lat' dir='ltr'><em>V</em></span> 
     </span>
     <span class='ocr_line' id='line_1_45' title="bbox 308 2825 1827 2875; baseline 0.001 -14"><span class='ocrx_word' id='word_1_437' title='bbox 308 2826 376 2862; x_wconf 63' lang='lat' dir='ltr'>nain</span> <span class='ocrx_word' id='word_1_438' title='bbox 416 2827 612 2863; x_wconf 86' lang='lat' dir='ltr'>sceleratos</span> <span class='ocrx_word' id='word_1_439' title='bbox 651 2829 840 2875; x_wconf 83' lang='lat' dir='ltr'>extirpari,</span> <span class='ocrx_word' id='word_1_440' title='bbox 880 2827 942 2862; x_wconf 84' lang='lat' dir='ltr'>sed</span> <span class='ocrx_word' id='word_1_441' title='bbox 973 2827 1107 2863; x_wconf 81' lang='lat' dir='ltr'>scelera</span> <span class='ocrx_word' id='word_1_442' title='bbox 1139 2833 1193 2863; x_wconf 89' lang='lat' dir='ltr'>est</span> <span class='ocrx_word' id='word_1_443' title='bbox 1229 2837 1286 2862; x_wconf 90' lang='lat' dir='ltr'>res</span> <span class='ocrx_word' id='word_1_444' title='bbox 1328 2826 1460 2872; x_wconf 83' lang='lat' dir='ltr'>optima</span> <span class='ocrx_word' id='word_1_445' title='bbox 1502 2825 1661 2860; x_wconf 74' lang='lat' dir='ltr'>Botlzius</span> <span class='ocrx_word' id='word_1_446' title='bbox 1776 2825 1827 2862; x_wconf 90' lang='lat'>93</span> 
     </span>
     <span class='ocr_line' id='line_1_46' title="bbox 306 2877 1826 2932; baseline -0.001 -15"><span class='ocrx_word' id='word_1_447' title='bbox 306 2888 402 2918; x_wconf 86' lang='lat' dir='ltr'>recte</span> <span class='ocrx_word' id='word_1_448' title='bbox 434 2894 552 2930; x_wconf 83' lang='lat' dir='ltr'>parem</span> <span class='ocrx_word' id='word_1_449' title='bbox 586 2882 784 2932; x_wconf 83' lang='lat' dir='ltr'>(parentem</span> <span class='ocrx_word' id='word_1_450' title='bbox 808 2880 981 2931; x_wconf 71' lang='lat' dir='ltr'><em>CFPRss)</em></span> <span class='ocrx_word' id='word_1_451' title='bbox 1014 2889 1049 2919; x_wconf 85' lang='lat' dir='ltr'>et</span> <span class='ocrx_word' id='word_1_452' title='bbox 1081 2877 1286 2918; x_wconf 83' lang='lat' dir='ltr'>inferiorem</span> <span class='ocrx_word' id='word_1_453' title='bbox 1319 2880 1460 2924; x_wconf 83' lang='lat' dir='ltr'>laudaS,</span> <span class='ocrx_word' id='word_1_454' title='bbox 1493 2881 1572 2927; x_wconf 85' lang='lat' dir='ltr'>quia</span> <span class='ocrx_word' id='word_1_455' title='bbox 1604 2882 1761 2928; x_wconf 83' lang='lat' dir='ltr'>pertinet</span> <span class='ocrx_word' id='word_1_456' title='bbox 1786 2881 1826 2917; x_wconf 90' lang='lat' dir='ltr'>ad</span> 
     </span>
    </p>
   </div>
   <div class='ocr_carea' id='block_1_8' title="bbox 1957 2143 2023 3287">
    <p class='ocr_par' dir='ltr' id='par_1_8' title="bbox 1957 2143 2023 3287">
     <span class='ocr_line' id='line_1_47' title="bbox 1957 2143 2023 3287; baseline 0 0"><span class='ocrx_word' id='word_1_457' title='bbox 1957 2143 2023 3287; x_wconf 95' lang='lat' dir='ltr'> </span> 
     </span>
    </p>
   </div>
  </div>
 </body>
</html>
