2023 3287
288 219 385 255 CXII
885 217 951 252 AD
981 216 1218 253 TRAGICOS

280 341 424 381 penso,
463 327 548 367 330
586 327 632 368 *in
670 327 831 368 tutelast
869 328 1061 377 traditu&
1103 327 1213 381 apud
1251 326 1431 368 Accium
1469 341 1506 367 v.
1550 326 1638 368 494
1681 339 1819 369 somno

288 396 546 452 (simplicem
585 395 855 453 ablativum),
886 412 973 439 non
1003 398 1252 452 negaverim
1284 400 1398 439 recte
1433 397 1652 439 defensum
1685 398 1821 439 videri

288 467 385 509 Pac.
422 468 504 509 102
537 482 687 509 auram
721 466 915 524 (vaporis
946 466 1155 524 notione).

404 537 497 579 Iam
540 540 679 580 totam
724 539 770 580 in
816 553 883 580 me
929 538 1174 594 criminum,
1217 538 1350 580 immo
1390 538 1647 580 iniuriarum
1686 540 1820 581 aciem

288 610 452 650 derexit
491 624 579 651 non
617 609 905 664 adversarius,
945 610 1018 651 sed
1049 610 1232 651 infestus
1267 612 1393 663 atque
1425 609 1643 664 inimicus⁷
1675 623 1820 663 quam-

289 695 417 734 quam
454 681 573 722 nulla
611 695 674 735 re⁷
714 681 799 722 nisi
839 680 952 734 quod
984 681 1074 721 eius
1107 682 1338 735 praecepta
1369 694 1457 722 non
1488 694 1622 734 usque
1655 694 1820 734 quaque

291 753 449 806 sector,
483 767 507 792 a
539 767 605 793 1110
637 752 798 806 laesus,
834 752 1111 793 Theodoram
1131 752 1399 805 Berylcius‚
1434 751 1505 805 qui
1537 752 1583 792 in
1601 750 1820 805 Philologi

289 822 371 863 vol.
391 822 579 863 XXXIII
611 822 865 863 fasciculum
899 822 1130 863 secundum
1163 822 1334 864 criticas
1368 822 1421 863 ad
1451 822 1642 877 tragicos
1663 820 1819 863 Roma-

288 907 441 933 norum
481 895 633 946 poetas
674 892 976 934 adnotationes
1015 893 1243 948 plurimas,
1283 893 1356 934 sed
1387 893 1515 948 longe
1549 892 1738 933 maxima
1771 906 1821 932 ex

288 965 411 1017 parte
449 963 613 1004 futtiles
654 966 728 1005 aut
765 978 1008 1018 perversas,
1048 963 1256 1017 quasdam
1288 965 1420 1005 etiam
1451 964 1655 1005 ridiculas
1687 962 1819 1004 inseri

289 1035 417 1075 iussit
450 1032 509 1090 (p.
542 1033 821 1091 249—313>.
885 1032 964 1076 Cui
996 1034 1170 1075 uberius
1210 1050 1286 1089 pro
1327 1035 1510 1090 insignis
1550 1048 1704 1089 operae
1736 1033 1818 1074 vir-

288 1107 380 1146 tute
418 1105 705 1160 respondendi
744 1106 852 1146 alius
891 1105 1010 1146 locus
1050 1105 1315 1147 commodior
1348 1106 1446 1146 erit:
1483 1105 1555 1147 hic
1585 1107 1732 1146 tamen
1765 1105 1817 1145 ad

291 1177 483 1232 singulos
509 1178 628 1218 locos
649 1177 761 1218 111101·
783 1177 965 1218 alioruin
988 1177 1254 1218 coniecturas
1277 1176 1366 1217 eius
1388 1190 1555 1231 quoque
1576 1178 1817 1218 commenta

290 1262 623 1290 commemorare
663 1250 705 1289 et
743 1248 816 1289 ubi
856 1263 963 1302 opus
997 1262 1090 1289 esse
1122 1247 1292 1289 videtur
1322 1246 1511 1288 breviter
1542 1247 1731 1289 refutare
1753 1248 1820 1288 sat

288 1318 471 1361 habebo.

408 1391 546 1432 Livii
576 1405 614 1432 v.
647 1390 672 1432 9
720 1385 1047 1443 sollemnitusqzcc
1084 1390 1157 1430 ada
1195 1387 1240 1445 (i.
1273 1403 1306 1430 e.
1339 1387 1463 1445 adde)
1499 1389 1656 1443 Opimia·
1682 1390 1820 1431 laudes

297 1461 434 1504 lubens
464 1461 585 1503 Aem.
618 1461 838 1502 Baehrens
873 1476 967 1502 ann.
999 1460 1103 1514 phil.
1140 1460 1252 1501 1872
1283 1475 1325 1514 p.
1358 1461 1455 1502 621.

413 1548 450 1574 v.
487 1533 540 1573 12
571 1534 609 1575 is
639 1547 719 1575 sese
750 1533 864 1574 idem
895 1532 922 1573 1.
952 1532 979 1573 l.
1013 1532 1109 1573 841.

409 1607 455 1644 N
458 1604 581 1645 accii
612 1619 650 1645 v.
673 1605 694 1645 7
729 1609 763 1645 ci
788 1603 909 1645 wilei!
940 1604 1026 1644 «iam
1057 1603 1185 1643 uitreo
1217 1601 1270 1655 (s.
1302 1603 1417 1658 uero)
1446 1603 1558 1655 fonte
1589 1602 1702 1645 idem
1733 1603 1818 1658 1.1.,

293 1674 365 1716 sed
410 1675 665 1716 exclamatio
711 1675 798 1716 ista
840 1675 887 1715 in
928 1673 1009 1714 tali
1054 1673 1269 1714 sententia
1312 1673 1414 1728 quid
1459 1674 1542 1715 sibi
1585 1674 1691 1716 velit
1732 1688 1821 1716 non

292 1746 510 1801 intellego.

415 1818 465 1858 11
499 1831 624 1871 weque
655 1831 701 1859 ea
731 1831 855 1871 quam
886 1816 1100 1872 Bergkius
1132 1815 1159 1857 1.
1190 1815 1217 1857 l.
1250 1816 1348 1858 258.

420 1889 472 1929 19
498 1903 625 1942 passo
655 1889 738 1931 velo
770 1889 927 1930 vicinus
946 1887 1099 1940 Aquilo
1131 1901 1192 1928 me
1223 1901 1243 1929 e
1264 1890 1391 1940 portu«
1419 1887 1523 1939 feret
1549 1887 1665 1940 foras
1690 1886 1819 1928 inele-

294 1960 547 2016 gantissime
578 1959 824 2014 Madvigius
856 1958 1034 1999 Advers.
1066 1957 1109 1999 H
1142 1958 1238 1999 664.

412 2031 591 2073 Aesiona
625 2045 773 2071 verum
804 2029 1054 2084 tragoediae
1073 2027 1322 2071 Naevianae
1353 2043 1512 2071 nomen
1543 2030 1591 2069 ut
1609 2029 1820 2070 librorum

295 2104 509 2157 scriptura
539 2102 777 2144 indicatum
808 2101 869 2141 ita
901 2100 1250 2142 testimoniorum
1269 2099 1639 2142 Varronianorum
1674 2099 1820 2140 ordine

296 2174 568 2228 alphabetico
614 2172 851 2214 certissime
874 2171 1260 2225 demonstratum,
1305 2170 1633 2225 comprobatum
1678 2172 1820 2211 autem

296 2245 491 2299 exemplo
529 2244 647 2286 tituli
685 2241 776 2285 CIL
813 2242 1002 2287 112223
1042 2242 1186 2283 docuit
1217 2241 1503 2283 Buechelerus
1542 2257 1647 2283 mus.
1686 2241 1820 2283 Rhen.

294 2316 459 2358 XXVII
491 2316 589 2357 475.

415 2389 468 2429 21
498 2388 673 2429 inlaesae
691 2385 852 2427 Bothio
874 2385 1070 2440 debetur,
1095 2384 1291 2439 idemque
1311 2385 1419 2426 aliae
1437 2398 1515 2438 pro
1536 2385 1616 2426 alte
1636 2384 1821 2425 scribere

296 2462 413 2501 recto
445 2458 603 2500 iudicio
635 2457 792 2499 noluit:
825 2457 934 2497 aliae
961 2489 998 2498 ..
1027 2457 1210 2510 implexae
1236 2455 1447 2511 Bergkius
1474 2455 1500 2497 l.
1532 2455 1558 2497 l.
1591 2455 1676 2497 262
1708 2454 1822 2510 quod

298 2530 496 2584 coniecit,
528 2529 665 2570 11111110
698 2529 839 2569 111111115
870 2528 1047 2582 probari
1078 2529 1234 2581 potest.

418 2601 472 2641 26
511 2600 593 2642 Pro
622 2614 688 2644 reo
735 2598 846 2654 quod
879 2597 1071 2653 Scaliger
1108 2598 1300 2639 1051111111
1338 2598 1407 2639 ube?
1445 2596 1575 2639 scribi
1612 2600 1658 2637 ut
1693 2597 1823 2638 iussit

298 2671 517 2713 Baehrens
549 2672 575 2712 1.
601 2671 627 2712 1.
657 2671 797 2712 aliena-
829 2671 881 2711 ab
913 2669 1041 2710 huius
1075 2670 1230 2711 aetatis
1263 2671 1306 2710 et
1337 2668 1504 2724 generis
1538 2667 1821 2721 scriptoribus

299 2743 612 2798 significatione
643 2742 740 2783 loci.

418 2814 473 2854 32
517 2813 719 2855 Fortasse
762 2814 855 2855 utin
904 2812 1248 2869 coniungendum
1295 2814 1338 2852 et
1382 2809 1675 2865 interrogandi
1717 2811 1823 2851 nota

299 2884 509 2942 ponenda.
