2023 3287
259 203 313 243 58
788 202 1042 237 CAECILIVS
1069 203 1268 238 STATlvs

381 305 640 348 llabussscm
672 308 846 362 ingenio
880 306 920 349 εί
949 310 1015 349 sto
1049 310 1261 351 amatores
1294 308 1409 350 mihi.

937 383 1003 425 III
1036 383 1100 440 (4)

383 459 618 501 (lai-basina
648 460 893 502 molochina
925 461 1139 515 ampelina
1171 495 1178 503 .
1213 495 1220 503 .

944 536 1007 578 IV
1041 535 1107 593 (2)

1111 614 1191 655 hoc
1225 629 1249 654 a
1282 616 1323 655 te
1355 615 1540 668 postulo,

269 690 350 731 140
383 689 446 731 Ne
480 694 575 732 cum
608 705 702 732 meo
735 693 867 745 gnato
900 691 1079 746 posthac
1110 689 1296 732 limassss
1328 692 1466 746 caput.

949 766 988 807 V
1021 766 1086 822 (5)

262 823 358 866 140¹
378 825 544 866 uelitari

847 883 1199 926 PHJLVMENA

1013 960 1034 1002 Ι

377 1038 457 1087 Qui
490 1039 614 1093 panis
647 1039 769 1079 solidi
803 1038 1022 1080 corbulam
1055 1071 1063 1079 .
1098 1071 1104 1078 .

262 1174 361 1215 141¹
380 1175 509 1216 factio
1004 1113 1046 1154 Π

897 1230 1153 1273 PLOCIVM

474 1310 510 1351 is
544 1309 712 1351 deinum
743 1309 873 1350 miser
904 1311 985 1363 est,
1017 1306 1094 1363 qui
1124 1323 1244 1350 suam
1279 1310 1526 1350 aerumnam
1559 1310 1708 1365 nequit

257 1439 410 1471 macho
436 1439 637 1479 Mercerus)
776 1439 831 1471 III
855 1439 993 1471 Nonius
1019 1439 1101 1478 548,
1130 1440 1170 1471 14
1202 1438 1539 1479 ‘molochinum,
1573 1450 1595 1470 a
1629 1439 1782 1480 Graeco,

256 1484 355 1517 color
379 1485 459 1516 flori
491 1484 621 1516 similis
653 1483 827 1516 maluae.’
912 1484 971 1516 'IV
996 1483 1134 1515 Nonius
1159 1485 1236 1521 334,
1262 1486 1282 1516 9
1308 1483 1489 1516 ‘limare
1516 1484 1626 1516 etiam
1651 1484 1786 1517 dicitur

257 1530 478 1571 coniungere
504 1557 511 1564 .
534 1557 540 1563 .
561 1555 568 1562 .
589 1556 596 1563 .
619 1526 805 1561 Caecilius
835 1528 1113 1561 Pausimato:
1145 1529 1228 1560 hoc>
1263 1539 1295 1561 e.
1322 1538 1354 1569 q.
1383 1539 1410 1564 s,
1465 1528 1784 1570 (Pausimacho

255 1574 457 1616 Mercerus)
594 1576 624 1607 V
650 1574 789 1606 Nonius
815 1576 852 1614 3,
880 1575 920 1606 13
947 1573 1183 1605 ‘uelitatio
1215 1573 1351 1606 dicitur
1380 1574 1474 1606 leuis
1505 1575 1692 1607 contentio
1717 1601 1725 1608 .
1747 1599 1754 1607 .
1775 1599 1782 1606 .

256 1620 378 1652 uerbis
409 1619 664 1652 uelitationem
690 1645 698 1652 .
724 1644 731 1650 .
758 1643 764 1650 .
791 1619 935 1651 uelitati
967 1618 1055 1650 estis
1085 1618 1181 1650 inter
1212 1629 1277 1652 uos
1303 1619 1371 1650 duo
1392 1643 1398 1650 .
1419 1644 1426 1650 .
1447 1643 1454 1650 .
1481 1619 1602 1651 uerbis
1626 1619 1784 1651 uelitare

256 1691 262 1699 .
283 1691 290 1698 .
310 1691 316 1697 .
336 1665 452 1697 labris
477 1665 573 1696 inter
597 1675 636 1696 se
661 1664 810 1696 uelitari
837 1692 844 1699 .
862 1688 870 1697 .
899 1663 1084 1696 Caecilius
1101 1663 1362 1696 Pausimacho:
1386 1663 1446 1695 hic
1472 1663 1605 1696 desunt
1630 1667 1786 1706 quatuor

255 1710 377 1742 lineae
403 1720 496 1752 quae
522 1710 560 1741 in
587 1710 774 1741 autentico
800 1719 872 1741 non
898 1712 1002 1741 erant
1027 1709 1216 1750 scriptae)
1265 1709 1338 1750 (Sic
1363 1709 1401 1740 in
1425 1709 1613 1741 Victorino
1640 1709 1718 1743 eod.
1746 1714 1784 1742 et

255 1756 291 1786 in
316 1755 373 1790 W,
401 1755 515 1787 ceteri
534 1755 771 1787 continuant:
798 1754 1059 1786 ‘Pausimacho
1077 1764 1171 1785 mum
1195 1753 1357 1786 interent
1374 1757 1507 1786 tamen.
1556 1755 1660 1796 Toga
1684 1755 1785 1786 dicta

256 1803 324 1832 est’
352 1811 385 1841 p.
405 1801 482 1839 406,
513 1799 567 1840 17)

345 1847 576 1877 P111LVMENA
623 1846 639 1877 I
665 1845 803 1877 Nonius
822 1846 897 1885 197,
925 1846 967 1877 29
994 1844 1111 1876 ‘corb
1123 1854 1182 1885 es,
1211 1844 1379 1876 corbulas
1399 1871 1406 1878 .
1428 1872 1434 1878 .
1455 1868 1464 1877 .
1483 1843 1668 1876 Caecilius
1685 1844 1784 1876 Filu—

256 1900 378 1922 meua:
406 1892 482 1932 qui’
509 1901 539 1922 e.
568 1900 599 1931 q.
626 1900 655 1921 s.
748 1889 786 1922 11
810 1890 950 1921 Nonius
975 1890 1050 1926 304,
1076 1889 1119 1920 28
1145 1889 1308 1921 ‘factio
1334 1889 1466 1921 iterum
1490 1889 1673 1931 significat
1696 1899 1784 1931 opu—

256 1935 424 1972 lentiam,
464 1935 728 1967 abundantiam
763 1937 800 1966 et
835 1934 1067 1966 nobilitatem
1098 1958 1105 1965 .
1133 1959 1172 1968 ..
1206 1934 1391 1966 Caecilius
1427 1933 1648 1966 Filiumin
1687 1935 1784 1966 alta

256 1990 402 2012 eorum
431 1980 591 2011 famam
617 1979 886 2011 occultabat
912 1979 1084 2012 factio.⁷
1111 1978 1160 2010 cf.
1185 1989 1219 2012 u.
1246 1981 1309 2012 172

344 2025 515 2056 Pnoclvn
541 2023 744 2056 Menandri.
792 2021 1008 2056 Luculentis
1026 2023 1137 2056 Gellii
1162 2024 1205 2056 de
1231 2027 1444 2066 argumento
1470 2024 1688 2056 testimoniis
1713 2034 1784 2056 non

256 2070 360 2101 nulla
392 2080 435 2101 ex
468 2069 611 2111 reliqua
642 2069 906 2101 uersiculorum
932 2068 1116 2110 farragine
1142 2069 1280 2101 indicia
1306 2068 1499 2101 accedunt.
1553 2069 1606 2100 Ac
1631 2070 1784 2111 primum

256 2114 301 2145 ad
326 2115 515 2155 utriusque
542 2114 640 2146 senis
664 2113 866 2146 diuerbium
891 2113 998 2153 illud,
1030 2113 1126 2145 unde
1152 2117 1209 2147 est
1235 2114 1277 2146 fr.
1302 2114 1349 2153 II,
1383 2114 1545 2155 pertinet
1570 2115 1649 2145 sine
1675 2114 1784 2146 dubio

256 2159 429 2191 festiuum
456 2159 607 2191 alterius
633 2159 676 2191 de
708 2162 849 2191 mortua
873 2169 984 2190 uxore
1010 2159 1144 2190 dictum
1171 2159 1243 2199 ΙΙΙ,
1274 2159 1368 2201 quod
1392 2159 1508 2190 minus
1536 2158 1697 2191 feliciter
1722 2159 1783 2191 ‘de

257 2204 508 2236 adulescentis
535 2205 666 2236 amica⁷
693 2205 957 2246 interpretatur
982 2203 1212 2246 Spengelius.
1263 2204 1381 2245 Atque
1407 2208 1446 2236 ut
1471 2199 1653 2245 τρυγόνος
1680 2205 1783 2236 λαλι-

256 2246 369 2290 στέρα
388 2249 484 2291 apud
500 2249 740 2281 Menandrum
757 2249 846 2280 XIII
874 2248 1062 2280 dicebatur
1087 2249 1263 2290 Crobyle,
1290 2249 1343 2280 ita
1368 2249 1484 2281 facies
1509 2249 1672 2281 eiusdem
1697 2252 1784 2291 apte

255 2294 307 2326 eis
332 2294 566 2333 describitur,
601 2304 694 2336 quae
727 2295 806 2326 Sine
832 2293 981 2326 fabulae
1007 2294 1152 2326 nomine
1183 2296 1310 2326 extant
1341 2294 1436 2336 apud
1462 2294 1615 2326 Nonium
1643 2296 1715 2334 119,
1743 2295 1784 2326 19

255 2425 325 2460 my.
359 2412 449 2448 liber
479 2414 568 2449 libri
684 2412 762 2449 137
795 2411 997 2448 habuissem
1029 2413 1173 2459 ingenio
1206 2425 1275 2449 om.
1300 2413 1403 2449 Leicl.
1521 2413 1550 2448 si
1581 2419 1637 2448 sto
1660 2413 1783 2448 Lacla-

258 2479 422 2505 mcmmes
453 2471 490 2505 in
511 2470 628 2505 Lucr.
655 2468 730 2504 197
763 2470 793 2504 si
825 2474 906 2504 stou
937 2469 1028 2504 libri
1057 2469 1085 2503 si
1117 2474 1195 2505 stoc
1226 2469 1388 2505 Rothius
1419 2470 1448 2504 si
1479 2470 1547 2504 isto
1579 2468 1784 2504 Mereor-us

367 2524 536 2562 adiutores
558 2526 663 2561 Leid.
761 2524 839 2561 138
872 2524 1046 2572 ampelina
1069 2517 1125 2560 ed,
1153 2525 1259 2561 1526
1292 2526 1470 2572 amperina
1492 2526 1583 2560 libri
1608 2526 1783 2571 plerique

255 2582 426 2629 :nnperita
456 2582 561 2617 Leid.
594 2594 640 2617 m.
671 2593 734 2627 pr.
853 2579 932 2617 140
962 2591 1041 2616 meo
1073 2583 1187 2628 uulyo
1225 2592 1267 2616 eo
1298 2582 1387 2617 libri
1500 2581 1648 2616 limassis
1679 2581 1783 2616 Leid.

255 2637 413 2673 limasset
442 2637 564 2674 Basil.
599 2637 759 2673 limasses
791 2639 911 2673 celeri
938 2637 1028 2673 libri
1146 2636 1220 2672 141
1255 2637 1379 2681 solidi,
1411 2640 1434 2672 i.
1468 2647 1500 2673 e.
1532 2635 1611 2671 (luri
1642 2639 1785 2682 scripsi

255 2693 322 2728 soli
352 2695 460 2739 libri,
492 2695 592 2741 quod
627 2699 755 2729 luetur
794 2694 955 2730 Botlzizcs
993 2695 1130 2740 quaeri
1165 2698 1360 2739 statuens,
1400 2692 1488 2729 ‘cur
1524 2693 1596 2728 solz·
1632 2693 1783 2728 cuidam

256 2754 333 2784 lota
364 2751 491 2785 (lamia
523 2753 570 2786 sit
597 2752 714 2796 panis
737 2749 934 2789 corbula’;
990 2752 1205 2796 (seneclutem
1226 2759 1308 2786 esse
1334 2759 1447 2795 posse
1467 2753 1590 2784 monet
1612 2748 1784 2784 Bueche-

253 2807 359 2840 lorus
477 2805 555 2841 142
587 2809 800 2852 septenarii
828 2808 972 2842 initium
1003 2807 1133 2841 deesse
1164 2802 1353 2842 inlelleoeit
1382 2805 1659 2841 Fleckeisenus
1680 2806 1786 2850 apud

254 2861 306 2896 Μ.
348 2861 568 2908 Herlzizcm,
609 2864 801 2898 senarium
835 2864 964 2908 posuit
1006 2866 1096 2908 post
1141 2862 1318 2906 Bollzz'um
1364 2861 1588 2908 Spenyelius
1723 2861 1783 2907 qui
