2023 3287
778 250 849 284 CN.
878 250 1084 283 NAEVIVS
1638 250 1691 288 25

538 352 596 393 IN
602 352 923 394 CERTARVM
956 352 1317 394 FABVLARVM

729 429 745 468 l
781 428 877 482 (inc.
912 430 1018 482 trag.
1052 428 1127 483 27)

290 504 389 545 Pati
420 519 591 545 necesse
625 506 685 544 est
720 505 854 545 nuilla
886 505 1086 545 mortales
1119 506 1240 545 mala.

492 598 530 638 ll
566 597 696 651 (Enn.
730 598 809 638 ine.
843 597 926 638 fab.
963 598 985 638 7
1021 597 1154 638 Naeu.
1188 597 1294 638 Add.
1330 599 1374 651 Η)

294 673 489 714 Dictator
521 675 592 715 ubi
626 688 749 714 curru
770 672 944 727 insidet,
976 673 1222 727 peruehitur
1243 690 1374 727 usque
1396 674 1448 714 ad
1481 675 1693 728 oppidum

782 767 846 808 III
879 765 1008 820 (App.
1046 766 1087 821 1)

289 843 432 884 Etiam
465 844 536 897 qui
568 858 633 884 res
667 844 847 897 magmis
881 858 1009 884 manu
1045 858 1169 897 saepe
1203 845 1336 898 gessit
1368 845 1564 898 gloriose,

289 919 418 961 Cuius
463 920 575 960 fincta
621 920 719 960 uiua
759 922 873 959 minc
911 918 1081 973 uigent,
1125 920 1196 973 qui
1236 920 1348 974 apud
1390 922 1539 974 gentes
1579 921 1693 962 solus

1016 997 1227 1049 praestat,

175 1071 258 1112 110
288 1071 400 1113 Eum
434 1076 533 1114 suus
565 1075 687 1127 pater
719 1086 814 1113 cum
845 1072 1005 1126 palliod
1038 1072 1152 1113 unod
1185 1072 1237 1112 ab
1271 1071 1407 1113 amica
1441 1073 1644 1114 abduxit.

257 1200 495 1233 chmzmnvm
526 1202 757 1233 FABVLARAM
804 1201 821 1233 1
846 1200 1090 1241 Hieronymus
1121 1200 1166 1232 ad
1197 1200 1434 1232 Heliodorum
1467 1202 1573 1243 epist.
1603 1204 1623 1234 3
1655 1202 1694 1233 in

169 1247 256 1286 epit.
291 1246 423 1287 Nepot.
458 1247 636 1278 ‘Naeuius
668 1250 777 1288 poeta
809 1245 904 1286 pati,
935 1245 1069 1286 inquit,
1107 1255 1258 1277 neeesse
1290 1248 1345 1277 est
1376 1256 1418 1276 m.
1453 1256 1496 1277 m.
1530 1249 1590 1277 m.’
1640 1247 1685 1278 ef.

170 1289 319 1321 Publilii
346 1291 427 1331 Syri
454 1294 546 1322 sent.
576 1291 659 1322 fals.
684 1292 750 1322 280
775 1301 807 1332 p.
835 1291 897 1322 130
922 1290 979 1323 W.
1073 1290 1109 1321 11
1136 1291 1250 1321 Varro
1284 1289 1327 1321 de
1360 1289 1381 1321 l.
1416 1291 1457 1322 L.
1484 1291 1526 1323 V.
1557 1292 1618 1323 153
1644 1293 1690 1323 M.

170 1333 308 1374 (deficit
333 1335 392 1366 hic
417 1335 514 1367 Flor.
541 1336 594 1375 51,
622 1333 676 1376 10)
703 1336 755 1366 ‘in
786 1335 880 1366 circo
914 1334 1027 1376 primo
1058 1334 1152 1366 unde
1178 1335 1369 1366 mittuntur
1394 1336 1492 1376 equi,
1519 1345 1614 1366 nune
1641 1335 1692 1366 di-

170 1382 300 1411 cuntur
338 1390 524 1420 carceres,
563 1381 726 1412 Naeuius
769 1378 977 1421 oppidum
1020 1379 1192 1421 appellat.
1253 1389 1418 1411 carceres
1456 1380 1563 1420 dieti,
1602 1381 1695 1422 quod

169 1419 386 1456 coercentur
412 1426 521 1466 equi.
541 1451 548 1457 .
571 1451 578 1458 .
628 1426 722 1466 quod
756 1424 801 1456 ad
830 1424 922 1455 muri
947 1424 1106 1465 speciem
1130 1424 1251 1465 pinnis
1277 1425 1510 1466 turribusque
1529 1435 1696 1457 carceres

169 1468 254 1500 olim
286 1469 449 1509 fuerunt,
483 1470 630 1512 scripsit
661 1471 788 1512 poeta:
820 1469 992 1500 dictator'
1020 1479 1050 1499 e.
1077 1479 1110 1510 q.
1138 1479 1164 1500 s.
1213 1469 1261 1502 cf.
1288 1468 1431 1501 Placidi
1463 1469 1573 1511 gloss.
1608 1480 1635 1500 s.
1662 1480 1695 1501 u.

171 1513 386 1555 ‘oppidum'
433 1515 536 1547 Inter
560 1514 648 1546 belli
666 1515 797 1547 Punici
824 1514 1028 1555 fragmenta
1052 1517 1135 1555 post
1159 1514 1408 1545 Hermannum
1435 1514 1544 1545 etiam
1562 1514 1696 1546 Vahle-

169 1568 235 1589 nus
261 1569 292 1599 p.
320 1560 360 1591 16
385 1560 542 1602 recepit,
575 1569 678 1601 quem
709 1560 745 1590 in
780 1558 1022 1601 proecdoseos
1056 1559 1170 1599 praef.
1205 1569 1238 1600 p.
1266 1560 1297 1590 X
1324 1569 1376 1600 sq,
1412 1558 1497 1590 olim
1523 1559 1694 1593 refutaui.

258 1604 314 1635 III
345 1603 485 1636 Gellius
517 1605 587 1637 VII
617 1605 656 1645 8,
689 1606 708 1636 5
735 1603 961 1644 ‘Scipionem
986 1603 1112 1643 istum,
1144 1613 1281 1634 nerone
1309 1614 1355 1634 an
1386 1603 1479 1635 falso
1504 1604 1695 1642 incertum,

168 1648 268 1679 fama
293 1651 429 1689 tamen,
456 1659 536 1681 cum
562 1652 659 1681 essct
683 1648 920 1686 adulescens,
950 1647 1046 1680 haud
1063 1648 1204 1679 sincera
1232 1648 1345 1679 fuisse
1373 1652 1409 1679 et
1441 1648 1695 1689 propemodum

171 1693 400 1732 constitisse,
439 1693 549 1725 hosce
586 1704 714 1726 uersus
752 1704 772 1724 a
812 1692 877 1724 Cn.
915 1692 1056 1725 Naeuio
1087 1694 1196 1733 poeta
1227 1693 1264 1723 in
1295 1703 1372 1723 eum
1408 1693 1562 1734 scriptos
1594 1703 1694 1725 esse:

169 1737 296 1769 etiam’
322 1747 349 1772 e.
377 1748 409 1779 q.
437 1748 463 1770 s.
520 1739 602 1770 ‘His
635 1749 700 1780 ego
732 1738 899 1769 uersibus
930 1737 1036 1769 credo
1069 1737 1263 1768 adductum
1290 1737 1475 1769 Valerium
1508 1737 1695 1769 Antiatem

170 1781 342 1814 aduersus
375 1786 514 1815 ceteros
547 1784 661 1815 omnis
687 1784 883 1823 scriptores
917 1781 960 1813 de
987 1781 1168 1823 Scipionis
1199 1782 1358 1814 moribus
1389 1782 1576 1814 sensisse.’
1625 1783 1695 1814 De-

169 1830 253 1858 sunt
277 1828 314 1858 in
339 1827 423 1859 Par.
451 1831 487 1859 et
519 1828 616 1860 Rott.
667 1829 722 1859 Ex
747 1827 931 1859 comoedia
963 1829 1106 1868 sumpta
1139 1836 1218 1858 esse
1251 1827 1420 1858 uidentur
1450 1826 1692 1859 Fleckeiseno

283 1967 360 2004 106
392 1968 560 2004 mortales
593 1968 788 2014 Sccchpius
818 1967 953 2003 Philol.
984 1968 1086 2003 XXI
1108 1966 1185 2002 157
1219 1977 1270 2003 eac
1301 1969 1431 2003 cocle‘ce
1464 1969 1558 2004 Gelil.
1592 1969 1697 2004 Libri

168 2034 270 2059 saec.
314 2024 391 2060 VII
426 2027 482 2061 vel
526 2023 640 2070 VIII,
679 2025 744 2060 ubi
779 2023 947 2059 mortales
988 2028 1044 2058 est
1080 2023 1162 2069 (secl
1198 2028 1251 2058 est
1292 2020 1569 2070 compunctum)
1606 2026 1693 2071 Ζεφ-

170 2083 244 2115 tur.
305 2080 491 2115 mortalem
530 2082 641 2128 uulqo
788 2079 865 2116 107
897 2089 1075 2115 numeros
1104 2090 1177 2114 non
1200 2085 1513 2125 perspexerunt.-
1544 2079 1696 2115 dictator

170 2147 203 2170 11.
235 2147 266 2170 e.
302 2137 323 2171 i.
385 2135 598 2171 Peruehitur
636 2146 751 2182 usque
790 2135 832 2170 ad
869 2134 1039 2182 oppidum
1078 2146 1193 2170 uersu
1233 2135 1413 2171 Saturnio
1446 2135 1695 2172 Hermannus

170 2191 291 2227 Elem.
324 2193 358 2227 (l.
392 2204 438 2227 m.
471 2192 549 2228 637
677 2202 785 2227 curru
822 2194 964 2236 scripsi
1000 2202 1143 2226 currum
1181 2192 1271 2226 libri
1390 2191 1522 2227 insidet
1553 2193 1694 2227 Fleck-

170 2249 320 2283 eisenus
356 2247 477 2282 insidit
514 2249 603 2283 libri
789 2246 1021 2283 108--110
1051 2249 1290 2293 septenarios
1328 2248 1509 2283 iambicos
1540 2250 1694 2295 aqnouil

169 2303 208 2337 K
209 2304 454 2339 lussmccnnus
587 2303 664 2340 108
697 2314 842 2351 magnas
874 2313 977 2338 manu
1010 2314 1115 2350 saepe
1145 2304 1249 2347 libri,
1279 2304 1460 2349 probauit
1483 2304 1692 2339 Buechele—

169 2370 237 2394 rzcs
267 2369 415 2406 quoque
443 2361 510 2395 lat.
544 2361 640 2395 decl.
673 2358 725 2395 49
757 2370 862 2394 manu
894 2369 1039 2406 magnas
1061 2370 1164 2406 saepe
1196 2361 1257 2395 uel
1287 2370 1392 2393 manu
1422 2370 1527 2406 saepe
1549 2370 1694 2405 magnas

169 2415 444 2451 Fleckeisemcs
475 2417 499 2451 l.
532 2417 557 2451 l.
589 2426 734 2462 magnas
765 2426 869 2450 manu
898 2424 961 2449 sua
999 2415 1194 2462 Berylcius
1233 2415 1345 2462 symb.
1377 2415 1400 2450 J
1432 2414 1523 2451 108.
1600 2413 1692 2450 Con-

168 2496 239 2530 icio
277 2505 340 2541 per
379 2495 491 2541 gessit
522 2494 680 2541 gloriose
794 2472 969 2541 gloriasse
999 2493 1081 2529 Vat.
1203 2494 1279 2530 109
1314 2494 1393 2529 uiua
1424 2495 1529 2529 nunci
1551 2493 1602 2539 (in
1624 2506 1694 2541 my.

171 2562 251 2596 uiua
283 2572 378 2596 nunc
408 2573 452 2596 m.
487 2560 580 2606 rec.)
622 2560 704 2597 Vat.
832 2547 1073 2608 110‘pa11i011
1113 2561 1208 2595 unod
1242 2561 1508 2597 Buecheler-us
1547 2562 1694 2597 (ιηηαίἰ.

167 2618 310 2662 philoll.
337 2616 442 2654 1867
471 2629 511 2663 p.
535 2616 586 2653 68
619 2621 653 2652 et
675 2617 907 2654 Rieselzelius
939 2628 1094 2654 θέει-τινε.
1127 2629 1214 2652 noll.
1245 2617 1373 2653 Plaut.
1395 2617 1418 2652 Ι
1439 2615 1504 2662 65,
1535 2628 1693 2664 quorum

169 2675 231 2709 ille
262 2677 385 2708 lamen
416 2674 560 2709 hiatum
581 2676 618 2708 in
641 2683 807 2709 caesura
837 2684 913 2709 non
944 2674 1172 2719 repudiauit.
1232 2672 1339 2719 pallio
1372 2683 1442 2708 uno
1472 2673 1560 2708 libri
1589 2672 1693 2719 pallio

170 2739 241 2764 uno
282 2738 387 2775 saepe
430 2730 621 2775 Beryltius
755 2730 864 2764 amica
900 2730 1131 2764 deteriorum
1165 2739 1263 2774 pars
1300 2729 1411 2763 amico
1452 2731 1574 2764 celeri
1611 2740 1694 2764 cum

182 2785 262 2819 Vccl.
379 2784 485 2832 pallio
518 2784 559 2819 al)
591 2785 702 2820 amieo
734 2783 880 2820 abduxit
902 2795 972 2820 uno
995 2783 1276 2820 Klussmamzccs
1391 2784 1538 2820 Nouam
1561 2785 1695 2820 horum

173 2850 351 2876 uersuum
396 2842 693 2876 distributionem
743 2843 946 2886 proposuit
993 2840 1324 2876 CFWMuellerus
1364 2841 1520 2886 prosod.
1564 2841 1694 2877 Plaul.

172 2893 253 2931 200
282 2897 426 2932 liciace:
460 2898 564 2932 etiam
597 2897 656 2944 qui
688 2908 744 2932 res
777 2907 920 2944 magnas
952 2907 1056 2932 manu
1077 2901 1202 2943 suapte
1224 2896 1381 2943 gloriose
1404 2896 1534 2943 Gessit,
1566 2898 1694 2943 quoius
