2023 3287
692 242 762 275 CN.
787 242 994 276 NAEVIVS
1043 241 1231 274 TRABEA
1669 236 1719 278 31

894 344 1034 386 XXIX

323 459 329 465 .
363 424 551 465 :inimum
585 437 726 463 amore
759 422 931 475 ezipi'cali
964 421 1269 475 eompleuerint

1050 587 1162 613 nune
1196 571 1427 626 prinmlum

322 653 515 694 Aluaiseo.

766 776 1158 831 TRABEA

632 891 710 932 EX
743 888 1013 932 INCERTIS
1046 889 1292 931 FABVLIS

957 965 976 1006 I

324 1044 440 1085 Le'ua
473 1043 657 1085 delenita
691 1046 869 1097 argento
902 1045 1068 1083 1111111111
1087 1041 1331 1083 obseruabst
1364 1057 1516 1096 meum,

324 1120 435 1169 Quid
480 1120 626 1174 uelim,
671 1119 771 1173 quid
817 1105 1025 1159 sfudeam:
1071 1119 1302 1159 adueniens
1348 1117 1481 1170 dig-ito
1526 1119 1728 1172 inpellam

1055 1195 1245 1249 ianuam,

326 1272 457 1314 Fores
490 1272 717 1327 patebunt3
749 1268 819 1312 deu
832 1269 1052 1325 inprouiso
1085 1267 1263 1325 Chry'sis
1301 1271 1373 1311 ubi
1412 1285 1477 1310 me
1510 1271 1731 1324 aspexerit,

323 1346 503 1390 'Alaeris
537 1348 708 1389 obuiam
739 1347 843 1388 mihi
875 1347 1019 1387 ueniet
1050 1347 1316 1400 e6mplexum
1346 1347 1552 1400 exoptans
1578 1361 1730 1400 meum,

267 1426 294 1466 5
325 1423 436 1466 Mshi
468 1439 511 1466 se
545 1425 684 1465 dedet:
717 1422 954 1464 Fortunam
984 1423 1122 1475 ipsam
1155 1421 1328 1464 anteibo
1360 1421 1547 1464 fortunis
1579 1423 1696 1464 meis.

210 1554 273 1591 (fr.
301 1552 413 1596 XIV).
506 1553 626 1585 XXIX
657 1553 794 1584 Fronto
826 1553 932 1594 epist.
967 1562 999 1593 p.
1030 1553 1072 1583 27
1105 1551 1194 1584 Nab.
1228 1550 1285 1592 (49
1320 1551 1374 1583 ed.
1407 1551 1505 1582 Rom.
1536 1552 1577 1583 57
1609 1550 1730 1592 Nieb.)

210 1599 374 1631 ‘litterae
407 1598 450 1630 ad
482 1609 537 1630 me
569 1601 655 1629 tuae
680 1621 687 1629 .
708 1622 742 1631 ..
767 1607 838 1628 non
870 1597 959 1628 satis
991 1596 1158 1637 proloqui
1190 1606 1335 1637 possum
1360 1599 1399 1627 ut
1432 1596 1589 1627 animum
1615 1606 1731 1627 meum

209 1644 341 1685 gaudio
372 1643 410 1674 in
443 1643 557 1675 altum
589 1641 820 1681 sustulerint,
852 1641 1028 1673 desiderio
1062 1640 1350 1682 fraglantissimo
1381 1641 1636 1679 incitauerInt,
1669 1650 1731 1681 po-

209 1692 361 1728 stremo,
388 1687 484 1728 quod
510 1688 563 1719 ait
588 1687 774 1727 Neuius,
802 1686 958 1717 animum
984 1696 1017 1717 a.
1036 1697 1065 1717 e.
1083 1685 1372 1727 compleuerint!
1423 1684 1730 1726 (‘eonpleuerunt’

211 1732 301 1773 cod.)
349 1732 443 1763 Olim
470 1733 566 1763 inter
589 1731 758 1762 Nouiana
783 1729 843 1771 (fr.
868 1729 933 1770 IX)
960 1729 1182 1762 rettuleram.
1275 1729 1375 1762 XXX
1401 1729 1595 1761 Diomedes
1613 1740 1645 1770 p.
1666 1730 1732 1761 334

208 1778 250 1812 P.
276 1780 373 1809 ‘amo
397 1779 545 1808 ueteres
572 1776 780 1807 inchoatiuo
805 1775 908 1807 modo
934 1785 1107 1807 amasco
1133 1775 1301 1806 dixerunt
1327 1800 1335 1808 .
1361 1797 1369 1805 .
1397 1800 1404 1806 .
1429 1774 1610 1807 Naeuius:
1637 1783 1731 1804 nunc

210 1833 243 1864 p.
261 1833 282 1853 a
302 1825 312 1840 ’
360 1821 530 1852 Neuius
555 1821 696 1852 Monac.
721 1820 878 1852 neuios
903 1819 1039 1855 Pariss.
1058 1821 1137 1851 AB.
1170 1823 1209 1850 ut
1236 1819 1391 1851 fortasse
1414 1819 1584 1854 Nouius
1609 1818 1732 1849 fuerit.

210 1868 394 1909 Integrum
421 1869 553 1907 poetae
588 1865 789 1907 exemplum
821 1875 886 1896 om.
914 1864 993 1896 edd.
1021 1867 1113 1896 uett.
1139 1867 1174 1895 et
1197 1863 1406 1896 Putsehius.
1499 1863 1598 1894 Adde
1628 1873 1730 1905 prae-

211 1915 316 1943 terea
341 1911 484 1942 Afranii
510 1911 580 1942 ine.
608 1910 682 1945 fab,
707 1909 856 1941 XXVII.

300 1955 379 1987 Non
411 1955 521 1987 credo
553 1954 598 1986 ad
630 1954 853 1986 comoediam
882 1954 1066 1996 pertinere
1098 1953 1214 1985 locum
1248 1964 1269 1985 a
1293 1954 1405 1985 Festo
1432 1963 1465 1994 p.
1492 1953 1556 1984 257
1583 1952 1630 1984 M.
1656 1952 1731 1983 lau-

211 2001 351 2034 datum:
381 2001 604 2042 ‘quianam
637 2010 701 2040 pro
727 2009 839 2040 quare
865 2021 872 2030 .
891 2023 898 2030 .
924 1998 1020 2040 apud
1046 1999 1218 2039 antiquos
1242 2001 1282 2030 ut
1305 1998 1484 2030 Naeuium
1509 1997 1546 2028 in
1572 1997 1732 2028 carmine

210 2045 338 2077 Punici
363 2044 480 2078 belli.
500 2069 507 2076 .
528 2070 535 2076 .
556 2048 593 2075 et
618 2045 659 2074 in
685 2047 855 2085 satyra:
881 2044 1089 2084 quianam
1126 2043 1385 2074 Saturnium
1416 2041 1623 2084 populum
1657 2051 1731 2083 pe-

211 2090 388 2132 pulisti.
436 2092 472 2122 et
497 2089 666 2121 Ennium’
694 2099 724 2123 e.
750 2098 784 2130 q.
809 2098 838 2120 s.
888 2089 942 2121 Ne
968 2087 1013 2119 de
1039 2088 1182 2120 nomine
1209 2087 1356 2129 quidem
1382 2087 1542 2118 auctoris
1576 2089 1733 2118 constat.

213 2136 384 2166 Frustum
407 2135 525 2177 ipsum
551 2133 610 2165 uel
635 2133 830 2165 iambicum
853 2133 930 2165 tale
1561 2130 1569 2138 '

952 2178 1123 2219 quianam
1150 2175 1359 2209 Saturnium

682 2220 859 2264 Populum
885 2222 1080 2264 pepulisti?

212 2269 270 2300 uel
296 2268 506 2301 Saturnium

560 2339 567 2346 .
616 2311 784 2353 quianam
809 2310 1017 2344 Saturnium
1041 2310 1211 2353 populum
1237 2310 1433 2353 pepulisti?

213 2359 325 2390 fuisse
352 2360 485 2399 potest.

304 2403 481 2433 TRABEAE
507 2402 561 2432 Ex
586 2402 660 2432 INc.
688 2402 779 2432 ΕΑΒ.
827 2401 843 2432 I
870 2402 998 2433 Cicero
1023 2402 1134 2434 Tusc.
1161 2401 1253 2442 disp.
1271 2401 1318 2433 IV
1344 2403 1399 2439 31,
1426 2401 1467 2431 67
1494 2399 1615 2431 ‘aliter
1641 2399 1735 2430 enim

213 2448 423 2479 Naeuianus
455 2445 517 2477 ille
550 2446 686 2487 gaudet
716 2446 871 2477 Hector:
903 2446 1021 2477 laetus
1053 2448 1143 2477 sum’
1176 2457 1207 2480 e.
1241 2456 1272 2487 q.
1305 2456 1332 2481 s.
1387 2445 1511 2477 ‘aliter
1542 2444 1602 2475 ille
1638 2444 1734 2484 apud

214 2492 414 2525 Trabeam:
440 2490 544 2522 lena
563 2514 570 2520 .
590 2517 597 2523 .
618 2515 625 2521 .
643 2489 787 2525 dedet.
837 2501 944 2531 quam
969 2491 1063 2522 haec
1087 2490 1240 2533 pulchra
1266 2493 1388 2532 putet,
1420 2491 1498 2531 ipse
1525 2489 1594 2520 iam
1620 2488 1733 2519 dicet:

329 2609 406 2645 136
438 2614 477 2644 ut
507 2609 554 2644 ab
584 2610 688 2644 initio
719 2610 869 2655 supplet
891 2607 1086 2656 Berylcius
1106 2609 1251 2644 annali.
1269 2609 1419 2653 pleiloll.
1447 2608 1609 2653 187021.
1634 2607 1734 2643 827:

213 2666 280 2702 Sed
309 2667 471 2713 coye'lari
499 2666 616 2700 mulla
639 2665 717 2699 alia
746 2669 917 2710 possum.
1035 2659 1311 2713 compleuerint]
1337 2664 1508 2699 Naeuius
1529 2676 1603 2709 (suu
1628 2665 1738 2699 uerbi

213 2722 340 2767 forma
371 2731 464 2757 usus
494 2723 539 2756 sit
577 2721 696 2766 plane
725 2722 934 2755 ineertum:
969 2722 1091 2766 poluit
1131 2721 1276 2766 quidem
1314 2721 1435 2765 ipsum
1473 2716 1731 2766 conpleni‘run!

211 2787 357 2822 ponere
387 2778 488 2823 quod
521 2779 558 2812 in
599 2777 679 2811 eod.
713 2781 767 2811 est
967 2775 1018 2811 38
1057 2787 1110 2822 sq.
1146 2775 1333 2822 primolum
1373 2786 1511 2809 amasco
1544 2775 1667 2811 Paris.
1704 2777 1737 2810 B

217 2832 369 2868 Monac.
430 2833 543 2879 primo
575 2831 776 2867 lunumaseo
812 2832 899 2869 Par,
931 2833 962 2866 A
1021 2842 1157 2866 munseo
1189 2831 1378 2877 primulum
1411 2831 1662 2867 Istam-enimus

329 2888 352 2924 3
386 2888 468 2923 sori’
510 2887 644 2935 patebit
683 2888 881 2923 Bentleius
1036 2888 1176 2924 Versus
1212 2887 1235 2922 5
1277 2888 1496 2932 particulas
1539 2889 1736 2923 consummi!
