2023 3287
291 236 347 277 30
905 235 975 269 CN.
1002 236 1208 270 NAEVIVS

360 400 363 401 ⁷
804 339 951 381 XXIII
985 339 1113 395 (Nou.
1146 341 1226 382 ine.
1260 340 1305 395 6>

295 399 377 497 ἰέῗ
417 428 527 476 Quid
550 429 583 468 si
617 428 788 469 taceas?
822 428 921 469 dum
945 426 1016 484 [te]
1052 429 1212 482 uideat,
1244 429 1332 468 taini
1354 428 1460 468 sciat
1493 426 1592 481 quid
1613 428 1818 483 seriptum

1250 505 1339 545 siet.

938 579 1083 621 XXIV
1116 579 1180 635 (s)

410 656 637 697 butubatta

947 714 1068 756 XXV
1102 714 1167 769 (9)

410 790 737 845 Uonofpssuuisti

636 927 643 932 θ
863 866 1008 908 XXVI
1041 866 1167 920 (Adel.
1201 868 1246 920 9)

415 940 645 980 consponsl

976 1000 1145 1043 XXVII

304 1079 385 1119 134
418 1112 425 1119 .
461 1113 466 1119 .
502 1114 508 1119 .
544 1113 550 1119 .
584 1078 760 1132 depuuit
791 1092 857 1118 me
890 1078 1088 1118 miseram
1123 1077 1174 1117 {td
1206 1092 1364 1118 necem.

965 1177 1157 1219 XXVIII

413 1254 705 1309 Ingurgitauit
738 1258 871 1308 usque
905 1253 957 1294 ad
989 1254 1121 1294 imum
1154 1256 1382 1307 gutturem.

291 1383 397 1414 haee’
432 1394 463 1415 e.
491 1394 521 1424 q.
549 1394 575 1414 s·
676 1383 799 1416 XXIII
832 1384 965 1415 Festus
998 1393 1031 1424 p.
1059 1383 1124 1414 360
1150 1383 1196 1414 M.
1232 1386 1286 1413 ‘at
1318 1383 1461 1424 antiqui
1493 1386 1577 1414 tam
1611 1384 1721 1414 etiam
1757 1395 1820 1426 pro

291 1432 412 1459 tanoen
437 1429 687 1468 usisunt‚1m
713 1429 894 1462 Naeuhffi:
933 1427 1031 1468 quur
1059 1438 1088 1459 e
1117 1438 1204 1469 q.s.
1254 1427 1429 1468 (nonius
1455 1427 1605 1469 ed.pr)
1653 1428 1816 1469 Nuganu

289 1473 468 1514 interpres
494 1473 779 1513 Klussmannus,
812 1478 851 1504 ut
877 1472 982 1504 solet.
1037 1472 1220 1514 Bergkius
1245 1472 1364 1514 Symb.
1391 1473 1407 1504 I
1434 1474 1496 1504 117
1531 1482 1584 1514 sq.
1614 1473 1820 1514 suspicatur

289 1518 414 1549 Livii
445 1518 584 1549 Tereo
616 1518 706 1549 haec
737 1518 921 1549 reddenda
954 1520 991 1548 et
1029 1516 1072 1548 de
1104 1521 1227 1554 ueste,
1266 1517 1323 1548 cui
1355 1516 1470 1548 cladis
1501 1527 1590 1549 suae
1628 1517 1819 1550 historiam

289 1562 494 1594 Philomela
519 1563 735 1603 intexuerit,
762 1561 1016 1604 intellegenda
1044 1571 1135 1594 esse.
1229 1562 1348 1594 XXIV
1374 1561 1482 1594 Pauli
1500 1562 1634 1594 Festus
1657 1573 1691 1604 p.
1711 1564 1754 1595 36
1772 1563 1821 1596 M.

291 1608 444 1639 ‘butub
457 1610 555 1640 atta
573 1607 734 1639 Naeuius
753 1618 816 1649 pro
836 1607 1041 1649 nugatoriis
1061 1606 1201 1648 posuit,
1227 1606 1294 1638 hoe
1313 1609 1387 1647 est,
1413 1606 1548 1639 nullius
1567 1607 1818 1648 dignationis.’

380 1653 481 1685 XXV
506 1651 612 1684 Pauli
637 1653 772 1684 Festus
799 1663 831 1694 p.
850 1653 892 1683 62
918 1651 965 1682 Μ.
991 1651 1356 1693 ‘coneipilauisti
1381 1651 1519 1683 dictum
1545 1663 1566 1683 a
1589 1651 1731 1684 Naeuio
1757 1663 1820 1694 pro

291 1697 503 1738 corripuisti
535 1700 570 1728 et
600 1696 804 1731 inuolasti.’
920 1696 1039 1728 XXVI
1065 1696 1179 1728 Varro
1211 1696 1256 1728 de
1288 1696 1311 1728 l.
1337 1696 1379 1731 L.
1407 1697 1458 1729 Vt
1483 1698 1525 1729 70
1550 1697 1600 1731 M.
1626 1698 1703 1739 ‘qui
1734 1698 1821 1729 item

289 1745 329 1773 ut
360 1742 478 1773 faciat
503 1742 689 1783 obligatur
715 1752 867 1783 sponsu,
896 1751 1132 1783 consponsus.
1175 1741 1244 1773 hoc
1268 1741 1432 1773 Naeuius
1457 1740 1641 1783 significat
1667 1752 1745 1773 eum
1770 1742 1822 1774 ait

290 1787 557 1828 consponsi?
605 1786 779 1828 (‘quidem
807 1787 924 1818 faeiat
947 1785 1135 1827 obligatur
1159 1788 1328 1828 sponsus’
1362 1786 1453 1827 cod.‚
1487 1790 1578 1818 corr.
1604 1786 1821 1828 Spengelius

291 1831 336 1863 de
363 1836 442 1864 arte
475 1832 606 1864 critica
638 1832 676 1863 in
701 1833 876 1865 Varronis
903 1831 945 1863 de
978 1830 1000 1863 l.
1034 1830 1058 1862 l.
1093 1830 1196 1863 libris
1222 1830 1426 1863 exercenda
1452 1842 1484 1872 p.
1511 1833 1563 1866 31,
1614 1830 1673 1863 Cf.
1698 1832 1821 1863 Lach-

290 1887 444 1908 mannus
474 1887 563 1908 mus.
594 1876 708 1911 Rhen.
741 1877 791 1909 VI
825 1877 898 1908 118.
947 1876 1112 1907 neuius
1141 1873 1257 1917 Flor.)
1351 1875 1457 1906 Pauli
1489 1876 1622 1907 Festus
1646 1887 1680 1917 p.
1705 1878 1745 1907 41
1770 1876 1818 1909 M.

291 1924 556 1962 ‘consposos
583 1920 1416 1963 anfiquidoeebantfide1nuUm.fflssHgauffi2
1465 1919 1523 1951 Cfl
1549 1920 1692 1952 Romufi
1717 1921 1821 1952 stall

380 1966 520 1998 XXVII
544 1966 653 1998 Thes.
686 1977 766 2001 nou.
799 1968 882 1998 Lat.
910 1967 946 1997 in
971 1965 1012 1997 A.
1037 1965 1113 1997 Mai
1138 1968 1234 1996 auct.
1261 1965 1369 1998 class.
1400 1964 1490 1997 VIII
1522 1966 1583 1997 175
1615 1965 1820 2007 ‘depuire

291 2011 501 2044 uerberare.
551 2011 732 2043 Naeuius:
760 2011 901 2053 depuit'
929 2021 957 2041 e.
986 2021 1020 2051 q.
1048 2020 1076 2041 s.
1125 2009 1183 2041 Cf.
1209 2009 1315 2041 Pauli
1331 2010 1465 2041 Festus
1491 2021 1524 2051 p.
1551 2012 1593 2042 70
1617 2009 1665 2041 M.
1693 2010 1818 2052 ‘depu-

293 2066 399 2097 uere,
428 2055 596 2088 caedere.
643 2056 872 2088 Iiucilius:
899 2055 1102 2096 palnfisque
1127 2054 1605 2096 nfisessan113epuuit1ne?

291 2100 453 2133 XXVIII
478 2101 616 2133 Nonius
651 2112 684 2143 p.
715 2102 798 2141 207,
832 2102 874 2132 20
900 2102 1072 2142 ‘guttur
1108 2101 1230 2131 neutri
1268 2103 1325 2131 est
1361 2100 1508 2141 generis
1533 2125 1540 2130 .
1561 2126 1568 2132 .
1587 2125 1595 2133 .
1619 2098 1821 2132 masculino

291 2144 928 2179 Plautus..‚Lucilius...Neuius:
956 2145 1213 2186 ingurgitauit'
1241 2155 1270 2176 e.
1292 2154 1324 2185 q.
1344 2154 1373 2176 s.
1414 2144 1530 2176 Nouio
1550 2144 1634 2176 olim
1651 2144 1822 2177 dederam

406 2276 485 2313 130
516 2277 628 2312 Rediz·
657 2277 709 2312 ad
730 2286 907 2312 numeros
928 2275 1162 2319 Bolbitinos,
1193 2286 1423 2322 quamquam
1452 2275 1698 2310 iambicorum
1727 2285 1817 2321 quo-

291 2342 362 2379 que
392 2335 677 2369 octonariorum
704 2332 838 2378 frusta
862 2359 961 2368 .....
993 2330 1077 2378 quid
1194 2332 1282 2366 sciat
1313 2330 1402 2373 Quid
1433 2330 1606 2377 scriptum
1637 2331 1684 2365 sit
1714 2335 1819 2366 recte

291 2399 331 2424 se
361 2389 513 2424 habent.
547 2388 643 2436 quod
678 2388 795 2424 Vatia.
820 2388 853 2423 R
876 2389 936 2435 qui
957 2400 1028 2435 my.
1059 2387 1184 2423 Vrsin.
1273 2392 1386 2422 taceas
1418 2389 1576 2432 scripsi.-
1607 2386 1658 2432 cf.
1691 2386 1822 2422 Plauti

292 2445 438 2480 Bacch.
473 2444 524 2481 35
558 2451 671 2480 taceat
702 2446 784 2480 cod.
890 2450 924 2479 te
953 2445 1121 2488 inserui,
1154 2455 1222 2479 om.
1254 2444 1335 2479 cod.
1427 2448 1496 2478 tam
1530 2443 1707 2479 Vaticani
1734 2441 1818 2487 RS,

291 2501 467 2537 Politian.
501 2506 617 2536 tamen
649 2501 703 2536 ecl.
723 2512 788 2546 pr.
822 2506 890 2536 tam
919 2501 1023 2535 etiam
1051 2499 1211 2536 Ursinus
1240 2510 1324 2535 cum
1345 2499 1429 2534 Am.
1518 2497 1614 2545 quod
1647 2498 1765 2534 Vatic.
1785 2498 1820 2534 R

293 2558 394 2604 quasi
426 2559 523 2593 com'.
549 2558 804 2604 Kiesslinyius
890 2557 958 2591 siet
989 2556 1151 2591 Botlzius
1180 2555 1227 2590 sit
1258 2556 1341 2591 cod.
1438 2554 1494 2590 De
1525 2564 1639 2590 versu
1670 2555 1820 2600 qualem

293 2613 505 2649 Corssenus
534 2614 572 2648 in
604 2613 780 2659 symbolis
811 2614 957 2648 criticis
985 2623 1024 2658 p.
1057 2610 1137 2646 274
1165 2613 1368 2657 proposuit
1399 2610 1459 2658 qui
1480 2610 1547 2645 etsi
1578 2614 1704 2655 taceat,
1736 2609 1819 2644 dum

292 2668 432 2715 uideat,
467 2675 535 2704 tam
566 2669 670 2704 etiaim
702 2669 808 2713 sciat,
841 2667 924 2715 quid
956 2667 1129 2714 scriptun]
1160 2668 1206 2702 sit
1236 2665 1418 2703 iudicium
1456 2667 1526 2702 tuli
1551 2667 1591 2701 in
1619 2665 1744 2701 libello
1775 2666 1821 2701 cle

290 2727 495 2771 particulis
523 2727 653 2761 latinis
683 2725 905 2772 quibusdam
932 2736 972 2770 p.
995 2723 1047 2760 28
1069 2734 1140 2770 sq„
1172 2733 1244 2758 nec
1274 2723 1387 2759 aliter
1415 2723 1598 2758 iudicauit
1630 2721 1822 2768 Berylcius

294 2782 410 2827 symb.
442 2781 464 2816 Ι
497 2781 595 2825 117,
635 2784 700 2827 qui
737 2781 926 2817 baceheos
959 2781 1162 2826 proposuit
1192 2790 1264 2815 non
1296 2780 1416 2826 mctffl‘s
1441 2778 1683 2824 probabiles.-
1723 2777 1819 2824 quod

294 2836 360 2872 etsi
392 2838 523 2882 urcem,
563 2837 645 2872 dun]
679 2837 796 2883 uidet,
836 2843 904 2871 [nm
945 2837 1032 2871 seim
1072 2835 1154 2883 quid
1195 2834 1366 2882 scriptum
1405 2835 1450 2868 sit
1588 2831 1665 2869 134
1697 2833 1817 2880 depuit

295 2894 501 2929 thesaurus
