2023 3287
562 287 601 318 L.
629 286 905 318 Pozxu‘ovas
935 286 1256 318 noNoNiENsls
1606 284 1685 324 ⁹:37

610 388 840 431 MACCVS
875 389 1211 439 SEQVESTER

272 465 417 507 Simile
450 468 530 520 est,
564 466 684 520 quasi
718 480 813 506 eum
846 467 889 506 in
922 468 1036 507 caelo
1072 467 1201 521 fulgit
1234 469 1408 521 propter
1440 467 1585 507 lunam
1618 468 1677 507 hi-

1216 544 1330 584 eifer.

692 600 923 642 MACCVS
957 601 1138 643 VIRGO

185 681 239 721 ῖῖ)
271 679 538 720 Praeteriens
572 676 680 719 uidit
713 677 985 719 Dossennum
1018 679 1060 718 in
1095 678 1197 719 ludo
1230 679 1572 720 reuereeunditer

271 755 371 797 Non
409 756 630 796 docentem
669 755 1026 809 condiscipulum,
1067 756 1214 795 uerum
1255 756 1515 809 scalpentem
1554 756 1679 796 natis.

820 830 1013 872 MEVIA

273 907 375 949 Dies
407 908 475 948 hic
508 910 671 949 sextust
702 911 797 949 Cum
828 908 936 949 nihil
969 908 1056 963 egi,
1088 906 1155 949 dfe
1177 910 1325 962 quarte
1347 910 1529 950 emorizir
1556 909 1680 950 fame.

797 983 1040 1026 MAIALIS

855 1061 876 1102 Ι
909 1059 974 1118 (1)

492 1139 656 1181 animos
689 1138 836 1180 Venus
870 1141 997 1193 ueget
1028 1139 1334 1193 uoluptzitibus

855 1214 898 1256 Π
930 1214 994 1270 (2)

272 1290 449 1333 Miseret
482 1307 547 1332 me
581 1306 746 1345 eorum,
786 1290 862 1345 qus
893 1291 982 1332 sine
1014 1292 1162 1333 frustis
1194 1293 1387 1333 uentrem
1418 1294 1683 1335 frustrarunt

1217 1384 1351 1411 suum.

246 1499 397 1530 Miccvs
425 1498 639 1534 Si-:Qvns‘sssn
688 1499 825 1530 Nonius
850 1500 926 1538 506,
953 1500 973 1531 8
998 1498 1152 1541 ‘fulgit
1178 1510 1240 1541 pro
1269 1499 1678 1543 fulget...Pomponius

160 1544 316 1575 Maccho
343 1547 544 1584 sequestre:
573 1543 689 1574 simile
717 1547 786 1575 est’
814 1554 844 1575 e.
873 1555 905 1584 q.
935 1554 961 1574 s.

244 1589 389 1620 MAccvs
415 1589 534 1619 VIRGO
583 1589 721 1620 Nonius
747 1591 829 1627 516,
854 1591 895 1620 22
923 1589 1338 1621 ‘reuereeunditer’
1374 1590 1678 1631 (‘uereeunditer⁷

156 1633 297 1672 Bamb.)
323 1634 557 1674 ‘Pomponius
583 1634 766 1664 Maecho
792 1634 1033 1675 uirginem:
1061 1635 1303 1675 praeteriens'
1332 1646 1361 1666 e.
1388 1645 1421 1677 q.
1450 1646 1477 1668 s.
1513 1635 1677 1678 (macco

156 1679 320 1720 plerique
347 1678 544 1710 secundum
571 1678 843 1718 Quicheratium
937 1680 1124 1719 Virgine
1152 1678 1319 1721 Bothius)

245 1725 392 1754 MEV1A:
420 1723 468 1754 cf.
489 1722 569 1754 ICL
590 1723 603 1753 l
625 1724 708 1754 1276
757 1722 897 1754 Gellius
916 1725 948 1755 X
967 1725 1023 1763 24,
1041 1727 1060 1756 5
1087 1724 1290 1765 ‘diequinte
1319 1726 1411 1756 enim
1440 1729 1475 1757 et
1500 1725 1680 1767 diequinti

157 1779 218 1810 pro
245 1767 618 1808 aduerbiocopulate
644 1767 778 1798 dictum
803 1773 873 1808 est,
907 1769 1066 1800 secunda
1092 1769 1127 1800 in
1154 1779 1195 1800 eo
1221 1769 1365 1810 syllaba
1400 1775 1568 1811 correpta
1588 1797 1594 1802 .
1615 1799 1622 1806 .
1643 1799 1648 1804 .
1671 1797 1678 1804 .

155 1814 257 1844 uenit
283 1823 368 1844 eece
400 1812 500 1844 illius
532 1822 657 1844 uersus
684 1814 923 1854 Pomponiani
955 1817 991 1844 in
1024 1817 1201 1853 mentem,
1235 1815 1294 1855 qui
1321 1818 1376 1846 est
1408 1826 1450 1846 ex
1475 1815 1680 1855 Atellania,

157 1868 248 1898 quae
274 1858 421 1889 Meuia
448 1858 635 1889 scribitur:
663 1858 756 1889 dies’
784 1869 813 1892 e,
841 1869 874 1899 q.
900 1870 926 1889 s.
976 1857 1124 1899 (metui
1150 1859 1400 1891 ascribitur
1426 1861 1554 1900 optimi
1579 1860 1677 1893 libri)

155 1903 364 1934 Macrobius
390 1902 465 1933 Sat.
492 1903 508 1933 Ι
533 1904 570 1941 4,
597 1903 638 1933 22
665 1902 784 1934 ‘modo
817 1903 1013 1944 diequinti,
1045 1904 1147 1935 modo
1178 1904 1365 1946 diequinte
1399 1916 1461 1946 pro
1495 1905 1671 1937 aduerbio

157 1972 163 1979 .
183 1971 191 1979 .
209 1976 216 1982 .
237 1958 319 1979 ecee
346 1948 450 1979 uenit
474 1947 570 1978 illius
589 1957 716 1979 uersus
735 1948 975 1990 Pomponiani
1001 1950 1037 1979 in
1057 1953 1230 1989 mentem,
1258 1951 1317 1990 qui
1336 1954 1393 1981 est
1419 1961 1461 1981 ex
1481 1950 1676 1989 Atellania,

157 2002 250 2033 quae
283 1993 405 2024 Meuia
437 1992 666 2024 inscribitur:
700 1992 798 2024 dies’
832 2004 861 2024 e.
894 2004 926 2035 q,
961 2003 988 2024 s.
1038 1993 1208 2033 (Mebia
1241 1994 1330 2027 Gud.
1365 1994 1498 2026 Salisb.
1530 1995 1624 2026 Med.
1657 2007 1678 2027 a

155 2038 337 2069 Maebia
362 2038 443 2068 Par.
470 2037 595 2068 Bamb.
622 2048 666 2070 m.
694 2048 745 2079 pr.
770 2038 890 2080 Angl.,
922 2038 991 2070 duo
1018 2038 1118 2073 Bodl.
1145 2039 1319 2070 Gronouii
1349 2040 1504 2071 maeba
1530 2042 1678 2081 Regin.)

244 2082 410 2113 MAxALIS
456 2083 473 2114 Ι
499 2083 638 2113 Nonius
658 2084 734 2121 183,
754 2085 769 2114 1
798 2086 947 2124 ‘neget
971 2094 1034 2124 pro
1053 2087 1203 2124 uegetat
1220 2083 1279 2116 uel
1300 2085 1408 2125 erigit
1429 2084 1486 2117 uel
1506 2090 1678 2127 uegetum

156 2131 221 2159 est.
270 2128 491 2169 Pomponius
507 2127 653 2158 Maiali:
681 2128 836 2160 animos⁷
864 2139 894 2160 e.
915 2139 947 2170 q.
967 2138 992 2160 s.
1088 2128 1123 2159 II
1149 2129 1287 2160 Nonius
1311 2131 1388 2169 473,
1419 2131 1458 2162 17
1485 2130 1678 2162 ‘frustro

155 2244 410 2280 contubernale
432 2246 589 2293 pugnaui
621 2246 698 2293 quia
721 2246 829 2282 Melini
853 2247 991 2282 cenauit
1023 2258 1142 2282 cenam
1163 2259 1302 2293 parum
1333 2259 1532 2285 numerose
1553 2250 1678 2285 (listri—

157 2302 233 2337 bm'l
264 2302 460 2347 Hauptius
491 2303 622 2337 Herm.
646 2302 690 2337 ΙΙ
711 2302 803 2339 216.
847 2303 1016 2339 Creticos
1047 2307 1144 2340 [ales
1174 2305 1280 2351 :itque
1312 2316 1391 2340 eum
1424 2304 1680 2341 contubernale

156 2358 335 2405 pugnz'uli,
367 2356 433 2400 Qui
465 2369 574 2392 meam
606 2357 724 2393 conam
760 2355 916 2407 [edendo
949 2358 1052 2394 fldem
1092 2357 1219 2409 fregit]
1255 2362 1520 2397 Baeclzelerus
1551 2362 1680 2407 effecit

271 2413 321 2448 74
352 2415 411 2449 An
442 2414 533 2448 simil
565 2415 642 2449 est?
785 2416 883 2462 qua-i
914 2417 994 2451 eda.
1028 2427 1113 2462 quas
1144 2418 1234 2452 libri
1376 2417 1426 2453 75
1460 2419 1680 2453 Dossennum

158 2470 318 2506 Bolhius
347 2469 557 2505 (losscnsum
597 2470 728 2507 Bamb.
771 2471 868 2507 Colo.
908 2471 1145 2507 ‹luossensum
1188 2475 1307 2508 ceteri
1342 2474 1431 2509 libri
1465 2473 1678 2520 discipulum

156 2527 397 2562 Duentzerus
418 2536 512 2561 mus.
537 2525 656 2562 Rleen.
686 2526 738 2561 VI
758 2527 836 2563 287
927 2528 976 2563 76
1002 2539 1164 2563 uererum
1187 2529 1318 2564 Bamb.
1408 2531 1509 2565 nates
1533 2530 1623 2564 Par.
1648 2530 1681 2563 P

270 2605 319 2641 77
354 2585 417 2648 bijo
447 2605 581 2641 Petaa.
618 2605 726 2640 Gellii
754 2605 808 2640 his
840 2607 966 2641 Paris.
1001 2619 1022 2642 a
1056 2607 1246 2643 Macrobii
1366 2613 1507 2643 sextust
1538 2609 1680 2644 Fleck-

156 2663 307 2698 ez'senus
328 2664 436 2707 episc.
460 2664 544 2699 crit.
577 2662 629 2696 ad
649 2661 700 2696 M.
724 2662 922 2697 Herlzium
946 2661 996 2698 29
1028 2668 1149 2698 sextus
1179 2665 1271 2699 libri
1298 2665 1425 2699 tertius
1458 2664 1681 2700 Scriaerias

268 2717 317 2754 nil
356 2719 590 2754 commendat
628 2718 902 2753 Fleckeisenus
1024 2718 1079 2753 edi
1118 2719 1317 2755 Pomanus
1432 2719 1487 2755 (lie
1529 2721 1678 2768 septime

156 2774 354 2810 Pontanas
460 2775 611 2809 emoriar
644 2774 847 2820 Scioppius
879 2775 1007 2809 moriar
1035 2775 1125 2810 libri
1236 2775 1294 2810 De
1321 2776 1450 2821 forma
1492 2776 1677 2823 diequarte

158 2829 208 2875 cf.
233 2830 505 2866 Fleckeisenus
532 2832 554 2865 l.
575 2832 600 2866 l.
775 2830 823 2865 79
857 2831 1057 2866 trochaeos
1095 2833 1414 2867 commendantem
1452 2832 1678 2868 Muellerum

156 2888 307 2929 prosocl.
339 2886 466 2924 Plaut.
502 2886 580 2922 612
613 2891 767 2922 secutas
797 2897 899 2931 sam,
930 2888 1073 2923 iambos
1101 2889 1182 2923 olim
1206 2888 1456 2923 exhibueram
1533 2888 1677 2925 [rustris

158 2941 291 2978 Bamb.
324 2948 358 2978 et
381 2945 600 2990 posteriore
631 2954 647 2978 ι·
687 2954 806 2990 comp.
850 2943 898 2977 W
923 2943 1026 2979 Leicl.
1081 2944 1208 2980 fruetis
1241 2943 1339 2981 Colb.
1378 2944 1483 2980 fustis
1522 2944 1615 2982 Par.
1647 2946 1682 2983 P
