2023 3287
845 233 1080 270 ADDENDA
1558 231 1728 272 'CXXVII

321 341 402 382 451
453 341 534 393 fati
577 342 643 382 gui
690 340 899 396 Bergkius
942 342 967 382 1.
1007 342 1032 382 1.
1078 343 1183 397 272,
1231 357 1325 384 011111
1372 357 1457 384 11011
1503 346 1725 398 agnoverit

203 410 384 452 dativos.

320 495 406 535 455
438 494 547 535 mehe
576 508 702 547 posse
736 494 872 535 conici
904 496 1050 535 monet
1081 495 1193 535 idem
1225 510 1267 549 p.
1299 495 1395 536 201.

319 565 405 605 472
437 578 552 617 quem
584 564 650 605 vel
682 578 771 606 enm
803 579 929 618 posse
963 565 1099 605 conici
1133 566 1341 606 ariolatur
1373 565 1485 606 idem
1518 582 1557 620 p.
1590 568 1686 608 257.

319 635 405 676 476
436 635 507 676 uba·
535 635 598 676 ml
628 637 769 676 eontra
799 635 1022 675 orationem
1053 635 1280 689 proposuit
1312 636 1424 676 idem
1451 637 1477 677 1.
1504 637 1529 676 l.
1561 652 1600 690 p.
1627 638 1724 678 272.

318 705 404 745 492³
448 703 512 745 De
564 705 831 746 nominativo
881 708 1022 758 suapte
1066 705 1269 746 disseruit
1310 704 1421 747 idem
1464 706 1549 747 ind.
1594 708 1724 749 schol.

201 775 377 816 Halous.
416 775 528 817 1864
559 790 598 829 p.
630 775 682 817 V.

318 859 404 900 495
433 859 543 910 ferro
576 858 728 911 ftigst'do
760 858 885 912 plane
919 859 1058 899 otioso
1092 857 1301 910 epitheto,
1334 859 1485 900 melius
1514 860 1599 901 49ss
1626 875 1723 903 arro

199 942 248 970 ex
277 929 431 970 ‘mollito
463 929 632 970 excitent
662 928 774 969 idem
805 927 959 968 Philol.
990 927 1177 968 XXXII]
1208 929 1305 969 300.

317 1012 402 1053 505
439 1011 567 1064 fluvia
609 1011 741 1052 eradit
784 1010 897 1051 idem
934 1026 973 1065 p.
1011 1011 1096 1052 300
1134 1010 1278 1051 inutili
1317 1012 1578 1067 suspicione,
1621 1029 1722 1055 nam

199 1084 299 1135 post
329 1082 551 1123 exuberans
580 1081 757 1136 languet
787 1081 928 1133 fluvia.

316 1165 400 1205 509
445 1178 600 1205 areana
643 1164 852 1216 Alte‘mque
896 1163 1008 1204 idem
1052 1178 1092 1217 p.
1137 1164 1223 1204 300
1267 1167 1415 1206 contra
1460 1165 1587 1207 edicti
1630 1182 1722 1208 sen-

197 1234 390 1275 tentiam.

317 1305 399 1346 511
433 1307 542 1347 dictu
575 1305 846 1346 scribendum
879 1306 983 1345 erat.

316 1375 400 1416 516
433 1379 502 1417 tua
534 1375 778 1430 Madvigius
812 1390 977 1430 quoque
1009 1374 1186 1416 Advers.
1218 1375 1260 1416 Π
1292 1377 1375 1418 658
1408 1377 1590 1432 flagitat.

316 1458 562 1500 525—536
595 1459 788 1499 inmixtis
821 1460 922 1511 post
952 1473 989 1498 v.
1017 1458 1101 1499 528
1134 1458 1215 1499 1110.
1247 1459 1327 1499 ine.
1359 1459 1444 1500 fab.
1478 1462 1529 1501 71
1566 1477 1626 1515 sq.
1659 1463 1718 1503 sic

198 1530 239 1568 et
272 1529 430 1583 corrigi
463 1531 505 1569 et
537 1529 779 1569 continuari
810 1528 903 1570 vult
933 1527 1145 1583 Bergkius
1178 1528 1331 1570 Philol.
1362 1529 1548 1572 XXXII]
1580 1533 1682 1574 301:

538 1634 717 1676 Lemnia
747 1636 921 1688 praesto
954 1634 1084 1675 litora
1107 1639 1273 1690 parent,

537 1706 650 1747 celsa
683 1704 888 1746 Cabirum
920 1703 1096 1745 delubra
1127 1708 1227 1760 tues,

537 1777 744 1830 mysteria
775 1790 856 1829 qua

536 1848 722 1900 pristina
753 1848 864 1889 cistis
894 1849 1078 1899 consepta
1110 1847 1242 1888 sacris

535 1920 745 1959 nocturno
779 1917 899 1958 aditu
931 1917 1097 1958 occulta
1129 1918 1326 1959 coluntur

538 1989 808 2029 silvestribus
840 1988 1043 2042 vepribus
1055 1987 1085 2044 ¹)
1119 1988 1261 2030 densa.

535 2074 604 2101 en:
637 2058 846 2101 Volcania
876 2059 1039 2113 templa
1071 2059 1149 2100 sub
1181 2060 1289 2114 ipsis

536 2130 734 2185 collibus,
767 2130 813 2171 in
844 2144 950 2184 quos
983 2129 1149 2171 delatus
1176 2130 1294 2173 locos

536 2200 691 2241 dicitur
724 2201 811 2242 alto
845 2201 898 2242 ab
930 2201 1078 2242 limine
1110 2201 1234 2256 coeli,
1266 2205 1303 2243 et

533 2285 681 2312 nemus
714 2271 933 2325 expirante
966 2287 1123 2326 vapore
1154 2272 1290 2327 vides,

535 2341 644 2382 unde
676 2342 790 2397 ignis
823 2343 935 2383 eluet
966 2343 1221 2384 mortalibus
1254 2343 1365 2384 clam

535 2411 716 2467 divisus,
747 2413 849 2454 cluet
879 2413 1027 2455 doetus
1059 2413 1340 2455 Prometheus

535 2482 736 2536 clepsisse
768 2483 864 2525 dolo
896 2499 1140 2539 poenasque
1171 2484 1265 2527 Iovi

586 2552 691 2594 furti
723 2554 972 2607 expendisse
1005 2570 1216 2610 supremo.

311 2659 393 2701 561
428 2657 675 2712 Zumptium
707 2674 834 2713 quam
858 2659 1227 2702 Schneidewinum
1260 2661 1380 2716 sequi
1411 2663 1574 2705 mavult
1600 2664 1710 2706 idem

193 2742 232 2783 p.
270 2729 373 2780 281,
416 2730 501 2770 nisi
539 2729 652 2784 quod
690 2744 799 2772 mmo
836 2733 934 2772 ante
970 2745 1054 2773 non
1091 2731 1229 2773 deleto
1269 2733 1484 2774 senarium
1515 2737 1712 2778 correxit.

315 2892 339 2938 ¹)
366 2892 478 2928 sicine
505 2904 552 2928 an
578 2892 713 2928 calami
739 2891 845 2939 lapsu
872 2905 937 2939 pro
963 2894 1155 2941 saepibus?
