2023 3287
286 227 363 268 170
885 230 926 262 L.
956 229 1195 262 Arumivs

863 331 1213 375 CONSOBRINI

984 409 1004 450 Ι
1038 408 1103 466 (4)
1251 409 1255 414 ’

396 485 478 526 Em
511 485 592 526 isto
626 487 852 539 parentum
885 488 949 527 est
981 485 1072 528 usta
1103 487 1200 528 uilis
1232 486 1397 542 liberis,

404 561 489 603 Vbi
522 563 690 604 malunt
721 557 852 603 metui
886 563 1013 617 quam
1044 564 1181 605 uereri
1214 579 1257 605 se
1291 564 1343 605 ab
1376 564 1475 605 suis.

968 639 1011 681 II
1045 638 1110 695 (2)

311 715 367 757 35
399 715 476 757 Pol
508 716 646 772 magis
678 716 800 757 istius
832 717 1091 758 temulentae
1124 718 1278 759 futtilis

958 793 1023 834 III
1056 791 1122 849 (5)

398 868 488 910 Scis
518 868 716 910 habitum
747 869 809 910 ita
840 871 888 911 ut
918 884 1032 911 nunc
1065 870 1241 912 obtinet.
1274 872 1292 919 [Γ
1325 870 1596 925 praefiscine!

1013 946 1075 988 IV

1129 1027 1226 1065 cum
1256 1024 1394 1066 mitris
1427 1024 1643 1067 calaiitieis

982 1101 1021 1142 V
1053 1100 1119 1157 (1)

395 1174 495 1217 N6n
529 1191 622 1219 sum
655 1177 767 1232 apud
799 1192 876 1219 me.
913 1178 933 1225 [Γ
966 1193 1033 1219 em
1064 1179 1205 1220 lentus
1238 1179 1350 1220 lente
1383 1180 1490 1233 quae
1521 1179 1684 1233 rogabo
1705 1212 1714 1220 .
1735 1212 1743 1220 .
1766 1213 1774 1220 .

1010 1260 1073 1302 VI

754 1371 762 1379 .
824 1338 955 1393 uaha,
987 1338 1143 1380 retinet
1174 1353 1288 1380 nunc
1319 1338 1513 1394 linguam
1544 1338 1769 1380 mordicus.

369 1466 600 1499 Consonmm
672 1468 809 1499 Nonius
835 1469 911 1506 557,
939 1469 979 1500 15
1006 1468 1228 1500 ‘consobrini
1254 1478 1297 1499 ex
1322 1468 1463 1500 duabus
1492 1468 1581 1499 editi
1613 1467 1805 1503 sororibus,

280 1512 333 1543 De
361 1512 493 1553 quibus
521 1512 689 1555 exempla
707 1513 818 1544 multa
843 1516 926 1546 sunt
950 1513 988 1545 in
1007 1514 1168 1555 antiquis
1186 1513 1398 1545 auctoribus
1419 1517 1455 1544 et
1472 1513 1626 1545 maxime
1651 1513 1686 1544 in
1704 1512 1805 1544 Afra-

280 1557 338 1588 nio
365 1561 401 1589 ct
427 1558 514 1589 iuris
541 1558 799 1590 uetustissimis
826 1558 1090 1600 scriptoribus*
1219 1560 1232 1590 I
1260 1558 1401 1591 Gellius
1427 1559 1490 1590 XV
1520 1561 1576 1599 13,
1604 1561 1624 1590 3
1649 1561 1745 1590 ‘utor
1771 1562 1805 1590 et

280 1613 436 1634 uereor
462 1606 498 1634 et
529 1603 654 1635 hortor
685 1605 722 1635 et
756 1603 922 1636 consolor
947 1604 1150 1635 communia
1176 1604 1291 1635 uerba
1322 1607 1423 1642 sunt,
1457 1614 1499 1634 ac
1530 1603 1603 1634 dici
1635 1606 1804 1644 utroque-

278 1658 406 1680 uersus
431 1652 598 1690 possunt:
625 1658 756 1680 uereor
781 1652 816 1679 te
845 1652 881 1679 et
905 1659 1033 1681 uereor
1059 1650 1124 1681 abs
1149 1652 1185 1681 te
1203 1673 1210 1680 .
1232 1674 1238 1679 .
1258 1673 1265 1680 .
1289 1648 1464 1680 Afranius
1490 1649 1526 1680 in
1553 1648 1804 1680 Consobrinis:

279 1693 379 1724 hem'
405 1703 435 1724 e.
463 1703 494 1735 q.
523 1703 550 1724 s.
596 1687 668 1724 ‘hic
694 1694 815 1724 uereri
834 1704 879 1725 ex
898 1704 941 1725 ea
967 1698 1071 1735 parte
1098 1694 1231 1725 dictum
1258 1697 1330 1734 cst,
1358 1704 1427 1736 qua
1445 1697 1588 1726 estnon
1606 1689 1806 1725 usitatior?

280 1737 365 1778 (scr.
390 1741 474 1769 ‘non
500 1738 688 1770 usitatum’
751 1738 1086 1771 consolobrinis
1120 1740 1223 1771 Voss.
1257 1739 1367 1781 Magi.
1399 1739 1504 1780 Reg.)
1613 1739 1647 1770 11
1674 1739 1805 1770 Festus

280 1794 312 1825 p.
340 1784 405 1815 364
432 1783 476 1815 M.
504 1787 727 1815 ‘temetum
750 1783 872 1815 uinum
904 1801 941 1806 —
971 1785 1095 1816 temeti
1119 1801 1164 1806 —
1186 1802 1228 1806 —
1254 1784 1491 1816 temulentum
1519 1802 1558 1806 —-
1585 1783 1806 1815 temulentas

278 1845 321 1850 --
347 1828 520 1860 Afranius
545 1828 582 1859 in
609 1828 862 1863 Consobrinis:
890 1829 964 1871 pol’
992 1840 1021 1864 e.
1049 1841 1079 1871 q.
1106 1840 1133 1861 s.
1249 1830 1306 1861 III
1333 1829 1521 1860 Charisius
1547 1829 1582 1861 II
1616 1840 1650 1870 p.
1679 1830 1742 1861 189
1766 1829 1805 1860 P.

281 1874 581 1915 ‘praefiscine
608 1874 782 1905 Afranius
808 1875 843 1905 in
871 1874 1124 1906 Consobrinis:
1152 1875 1238 1906 scis'
1265 1884 1293 1906 e.
1312 1885 1344 1916 q.
1363 1884 1390 1906 s.
1434 1869 1513 1916 ‘per
1539 1884 1568 1913 e,
1596 1884 1667 1905 non
1686 1884 1750 1915 per
1768 1866 1803 1905 i.'

280 1917 394 1957 (afra
417 1919 459 1950 in
485 1919 774 1950 consubrinis
800 1919 891 1959 eorl.)
1001 1920 1049 1950 IV
1076 1919 1196 1951 Schol.
1223 1919 1392 1951 Bobiens.
1427 1919 1463 1950 in
1491 1919 1564 1950 Cic.
1590 1930 1624 1960 p.
1652 1919 1717 1950 336
1743 1918 1805 1949 Or.

280 1961 496 2006 ‘calanticzfl
524 1964 728 2002 ornamenti
756 1974 890 2005 genus,
915 1975 983 2006 quo
1012 1965 1169 1996 feminae
1197 1965 1321 2005 capita
1345 1963 1534 2002 uelabant,
1569 1964 1637 1995 hoc
1662 1963 1804 1995 nomine

280 2008 480 2042 ferebatur.
528 2009 575 2039 Et
591 2009 766 2040 Afranius
793 2009 957 2041 meminit
981 2010 1017 2040 in
1038 2009 1274 2041 Consobrinis
1292 2010 1345 2040 ita
1370 2009 1514 2040 dicens:
1542 2019 1631 2040 curn
1658 2008 1806 2039 mitris

281 2052 538 2085 calanticis.
574 2053 760 2095 Impudico
785 2055 896 2095 igitur
919 2050 1046 2085 habitu
1072 2053 1312 2086 erubescendi
1330 2054 1469 2085 decoris
1488 2053 1665 2094 quaedam
1691 2053 1806 2094 figura

279 2097 526 2130 describitur.'
580 2098 629 2130 cf.
664 2098 852 2130 Philoxeni
884 2098 993 2140 gloss.
1028 2099 1300 2138 ‘cacautica‚
1334 2095 1437 2136 εἶδος
1469 2093 1598 2139 ζώνης’
1632 2098 1806 2138 (calau-

279 2144 372 2174 tica
398 2142 613 2183 Vulcanius)
707 2145 738 2175 V
765 2143 956 2175 Charisius
981 2144 1016 2176 II
1048 2155 1081 2186 p.
1109 2146 1172 2176 183
1197 2145 1237 2177 P.
1271 2144 1415 2175 ‘lente
1441 2143 1615 2174 Afranius
1648 2143 1684 2174 in
1712 2142 1805 2174 Con-

282 2188 456 2221 sobrinis:
485 2192 571 2220 non’
599 2199 631 2220 e.
652 2199 683 2230 q.
704 2199 733 2220 s.
768 2188 1086 2228 (Consubrinis
1112 2190 1204 2227 cod.)
1299 2189 1349 2221 VI
1367 2188 1556 2221 Charisius
1573 2189 1609 2220 11
1635 2199 1667 2230 p.
1688 2188 1752 2219 184
1766 2189 1804 2219 P.

282 2234 522 2266 ‘mordicus
555 2234 729 2266 Afranius
763 2235 800 2265 in
834 2234 1086 2270 Consobrinis:
1125 2235 1234 2266 uaha'
1269 2245 1301 2267 e.
1335 2244 1368 2276 q.
1400 2244 1427 2266 s.
1483 2233 1806 2274 (Consubrinis

283 2278 378 2320 cod.)

394 2399 445 2436 33
479 2400 557 2434 hein
580 2399 650 2434 isto
679 2400 787 2444 libri,
820 2400 894 2435 nisi
919 2400 1021 2446 quod
1049 2399 1214 2435 hernusto
1235 2399 1363 2435 Paris.
1451 2399 1523 2434 uita
1557 2397 1636 2433 uilis
1657 2398 1807 2443 Lipsius

294 2456 382 2492 Var.
414 2457 501 2492 lect.
534 2456 580 2492 II
609 2455 661 2492 ‘28
701 2454 856 2490 uitabilis
896 2456 1030 2491 Petam.
1062 2456 1181 2504 Luqcl.
1214 2456 1338 2492 Germ.
1377 2455 1495 2502 Mayl.
1539 2455 1641 2490 Voss.
1674 2454 1802 2489 Paris.

281 2535 375 2582 Rey.
493 2533 545 2570 34
577 2534 712 2570 nmluut
744 2545 799 2569 rne
830 2513 913 2580 cui}
946 2535 1062 2582 Lugsa'.
1180 2535 1295 2569 uereri
1328 2529 1384 2583 sc]
1420 2533 1554 2568 ucrisse
1597 2533 1699 2568 Voss.

281 2587 337 2640 ab]
370 2603 387 2625 a
420 2591 544 2625 Germ.
568 2591 684 2638 Luqcl.
802 2591 854 2626 35
886 2590 999 2626 sutilis
1029 2592 1109 2627 cod.
1225 2590 1275 2626 37
1309 2586 1508 2638 calanticis]
1541 2589 1806 2635 cliplzllzonyum

280 2649 318 2682 in
349 2648 463 2683 huius
494 2648 674 2683 uocabuli
701 2649 898 2692 scriptura
931 2652 1036 2682 recle
1067 2652 1196 2682 luetur
1217 2646 1503 2682 Hildebramlzcs
1531 2647 1644 2692 yloss.
1678 2646 1805 2680 Paris.

279 2715 318 2749 p.
351 2702 427 2738 241
470 2705 633 2739 conlatis
671 2705 832 2739 nouiciis
867 2703 1007 2750 formis
1045 2703 1160 2739 calota
1192 2708 1227 2738 et
1257 2702 1390 2738 calotte
1533 2700 1584 2736 38
1616 2701 1809 2746 Responsz·

1775 2754 1804 2775 le

281 2784 426 2829 sz'ynum
448 2781 479 2816 R
509 2786 617 2818 extat
648 2784 686 2817 in
712 2783 793 2819 cod.
909 2793 965 2818 em
988 2783 1092 2818 cod..·
1123 2794 1173 2817 an
1204 2782 1284 2817 hem
1316 2782 1380 2817 uel
1408 2779 1524 2815 enim?
1640 2779 1810 2832 lcntequq

283 2839 364 2875 cod.
396 2837 564 2885 lenteque
597 2843 630 2874 tc
663 2839 719 2874 ed.
749 2851 811 2885 pr.
844 2838 940 2875 lente
973 2844 1007 2874 [c
1030 2839 1190 2875 Bollzius
1221 2842 1257 2873 et
1278 2837 1527 2873 Her-mannus
1555 2838 1581 2872 l.
1611 2838 1634 2872 l.
1669 2835 1748 2873 279

285 2895 455 2931 Additum
491 2894 662 2940 fortasse
696 2894 774 2941 fm'l
812 2894 868 2930 *lic
899 2895 983 2931 mihi
1156 2894 1207 2930 39
1242 2904 1336 2928 nunc
1373 2893 1455 2928 cod.
1498 2892 1604 2928 honio
1647 2893 1704 2928 ed.
1741 2905 1803 2940 pr.
