2023 3287
702 771 1274 827 TITINIVS

834 918 1144 960 BARBATVS

929 995 950 1037 I
982 994 1046 1051 (5)

392 1106 399 1113 .
432 1073 652 1114 inauratae
687 1073 813 1127 {itque
845 1073 1034 1114 inlautae
1066 1072 1254 1114 mulieris

917 1148 959 1190 II
993 1147 1059 1204 (8)

347 1260 354 1267 .
386 1226 504 1281 prius
537 1240 664 1280 quam
697 1228 800 1267 aurc')
832 1226 1026 1280 priuatae
1058 1228 1374 1280 purpuramque
1408 1227 1533 1280 aptae
1566 1226 1698 1267 simus

909 1302 975 1343 HI
1006 1301 1071 1357 (4)

346 1413 353 1421 .
386 1393 465 1435 ego
501 1379 553 1421 ab
585 1379 686 1420 lanii
719 1379 849 1421 soloci
883 1379 935 1420 ad
967 1381 1200 1433 purpuram
1233 1379 1333 1420 data
1366 1412 1374 1419 .
1407 1412 1414 1420 .
1449 1412 1457 1419 .

316 1510 445 1540 'sirim
473 1510 672 1541 BARBATvs
728 1509 787 1540 Ita
818 1507 970 1539 inscribi
1002 1507 1109 1539 iussit
1138 1507 1323 1540 Mercerus
1356 1508 1393 1539 in
1425 1508 1514 1542 Non.
1546 1519 1580 1550 p.
1609 1510 1638 1542 3.
1697 1509 1753 1540 Cf.

227 1555 342 1586 Varro
367 1554 410 1586 de
437 1553 459 1587 l.
480 1555 519 1585 L.
538 1554 569 1584 V
597 1555 659 1586 119
685 1557 818 1585 ‘nanus
838 1563 916 1584 cum
935 1553 1074 1585 Graeco
1092 1554 1255 1593 nomine,
1283 1557 1319 1584 et
1345 1563 1424 1585 cum
1442 1553 1576 1585 Latino
1594 1553 1751 1593 nomine,

227 1600 371 1631 Graeca
396 1598 510 1640 figura
536 1598 784 1631 barbatus)
833 1598 964 1629 Festus
991 1608 1021 1639 p.
1049 1599 1111 1629 177
1137 1598 1183 1628 M.
1211 1601 1361 1629 ‘nanum
1390 1598 1523 1630 Graeci
1549 1608 1615 1630 uas
1642 1609 1750 1640 aqua-

228 1645 317 1675 rium
350 1644 474 1675 dicunt
504 1643 640 1674 humile
673 1647 710 1675 et
742 1652 957 1682 concauum,
991 1643 1083 1683 quod
1114 1643 1223 1684 uulgo
1256 1647 1392 1675 uocant
1430 1643 1613 1675 situlum
1651 1643 1751 1675 bar—

226 1690 376 1720 batum
409 1688 709 1730 pumilionemue,
742 1699 823 1719 nam
862 1688 914 1719 ita
944 1688 1029 1718 nani
1066 1687 1264 1719 dicuntur.’
1324 1688 1379 1719 Ad
1412 1698 1503 1728 quae
1537 1688 1706 1729 Scaliger
1730 1699 1748 1720 e

227 1734 406 1774 glossario
439 1733 631 1765 Philoxeni
664 1733 805 1765 attulit:
838 1732 1075 1764 ‘bardatus
1109 1728 1266 1772 νάννος,
1300 1727 1342 1765 τὸ
1374 1729 1533 1770 σκεῦος]
1584 1733 1654 1765 sed
1681 1733 1752 1765 for-

227 1783 323 1811 tasse
343 1778 442 1810 aliud
461 1778 584 1810 nescio
604 1778 686 1819 quid
704 1779 740 1809 in
758 1777 927 1820 uestigiis
952 1777 1109 1809 barato
1136 1778 1318 1809 barrato
1344 1778 1536 1810 bai-nato
1562 1778 1751 1809 baratto

226 1827 411 1855 narrato
437 1826 623 1854 uarcato
649 1833 777 1855 uarro
803 1823 909 1855 latet:
938 1822 1033 1863 quod
1058 1823 1094 1853 in
1121 1822 1280 1854 Charisii
1307 1823 1360 1854 ed.
1380 1833 1431 1864 pr.
1457 1823 1591 1864 ubique
1617 1822 1753 1865 legitur

226 1870 246 1900 b
259 1872 411 1900 aratro
437 1867 496 1899 uel
529 1868 744 1900 barathro
770 1867 950 1900 Graecum
981 1866 1201 1899 uocabulum
1236 1871 1383 1909 propter
1413 1871 1564 1910 togatae
1600 1867 1751 1899 fabulae

224 1913 379 1946 indolem
414 1912 523 1944 nolim
556 1923 644 1944 sane
678 1913 859 1954 recipere,
891 1912 959 1943 nec
992 1912 1035 1944 (le
1068 1913 1249 1944 barrato
1281 1912 1446 1951 homine,
1478 1913 1540 1955 qui
1567 1912 1673 1944 barro
1698 1913 1752 1944 in-

225 1961 384 1990 structus
403 1959 451 1990 sit
468 1957 526 1988 uel
546 1957 717 1997 uebatur,
744 1957 857 1989 facile
875 1956 1005 1989 licebit
1023 1957 1196 1998 cogitare.
1230 1957 1392 1999 Longius
1411 1958 1516 1990 abest
1540 1957 1750 1998 baburro,

225 2005 415 2035 obscurum
442 2002 674 2034 uaricatoz
699 2003 818 2034 minus
836 2012 900 2044 per
918 2013 955 2034 se
977 2001 1172 2044 displiceat
1198 2002 1432 2037 bacchato.
1527 2003 1542 2033 Ι
1562 2002 1751 2034 Charisius

225 2049 259 2080 11
289 2060 320 2090 p.
357 2049 415 2080 181
449 2047 489 2078 Ρ.
525 2048 789 2079 ‘inauratae
821 2058 884 2089 pro
918 2057 989 2079 non
1021 2049 1202 2079 auratae.’
1259 2047 1490 2089 (inaurata
1520 2051 1556 2079 et
1588 2050 1750 2079 aurate

227 2095 341 2134 Neap.
362 2103 452 2124 corr.
471 2096 507 2123 et
531 2096 708 2134 excerpta
728 2092 852 2132 Bern.)
879 2092 1052 2124 ‘Titinius
1077 2092 1113 2123 in
1141 2093 1340 2124 barrato:
1369 2093 1577 2124 inauratae’
1605 2103 1636 2124 e.
1662 2103 1693 2134 q.
1720 2102 1747 2124 s.

317 2139 347 2169 11
376 2137 565 2169 Charisius
583 2138 617 2169 ΙΙ
636 2149 667 2178 p.
686 2139 750 2169 212
770 2138 807 2171 P.
835 2140 873 2169 ‘a
898 2148 961 2179 pro
980 2137 1041 2177 ad,
1067 2137 1225 2169 Titinius
1245 2138 1280 2168 in
1306 2138 1481 2169 barato:
1509 2138 1608 2179 prius
1627 2140 1749 2179 quam'

228 2195 258 2217 0,
279 2194 309 2224 q.
328 2193 356 2214 s,
404 2185 500 2213 ‘nam
520 2184 556 2213 et
573 2193 658 2224 apes
684 2183 786 2224 quasi
813 2186 946 2224 aptae
965 2185 1065 2221 sunt,
1093 2182 1184 2223 quod
1203 2182 1359 2213 inuicem
1379 2182 1628 2223 colligantur.’
1680 2183 1749 2222 (ti-

226 2229 322 2258 tinu
336 2228 404 2258 ius
424 2227 504 2258 Par.
576 2228 596 2258 b
610 2231 769 2260 arnato
789 2228 869 2262 Par,
889 2227 1104 2259 barathro
1124 2227 1178 2258 ed.
1198 2226 1264 2269 pr.)
1348 2227 1403 2259 III
1419 2228 1554 2259 Festus
1572 2238 1605 2268 p.
1624 2229 1686 2260 301
1703 2227 1750 2259 M.

227 2272 389 2311 ‘solox,
415 2271 500 2302 lana
527 2282 662 2312 crassa,
690 2276 727 2304 et.
751 2283 876 2314 pecus⁷
902 2272 994 2314 quod
1020 2272 1156 2314 passim
1181 2272 1346 2313 pascitur
1370 2282 1441 2304 non
1460 2275 1609 2304 tectum.
1656 2272 1750 2303 Titi-

226 2319 307 2348 nius
326 2318 361 2348 in
386 2317 592 2350 barrato:
621 2316 700 2358 ego'
730 2328 757 2349 e.
778 2328 809 2359 q.
829 2328 855 2348 S.
904 2317 1039 2349 Paulus
1059 2328 1090 2359 p.
1111 2319 1177 2349 300
1193 2317 1240 2348 M.
1270 2316 1411 2349 ‘solox
1436 2317 1521 2349 lana
1546 2327 1670 2349 crassa
1688 2317 1749 2349 uel

342 2437 357 2471 1
394 2446 441 2471 ηε
481 2437 564 2482 quis
602 2435 782 2470 incuratae
822 2438 986 2472 conia-iat
1025 2440 1181 2472 uelatur
1218 2436 1351 2472 Plauti
1393 2436 1629 2471 Menaeclzm.
1668 2435 1746 2472 801

201 2493 334 2539 stconl.
370 2491 462 2537 120)
495 2496 529 2525 et
562 2491 672 2536 Epicl.
706 2491 786 2526 214
903 2491 925 2527 2
958 2497 1058 2539 aptae
1089 2493 1200 2527 simus
1232 2493 1373 2538 scripsi
1401 2492 1592 2543 abtqsimus
1625 2492 1748 2538 Neap.

226 2549 443 2585 subu—simus
476 2548 566 2583 Par.
599 2546 794 2582 abteximus
826 2549 881 2583 ed.
918 2560 980 2594 pr.
1013 2549 1202 2583 atteximus
1234 2548 1437 2585 Met-cerus
1550 2548 1607 2583 De
1637 2543 1749 2583 simus

223 2607 352 2652 farma
386 2605 469 2640 uide
491 2603 657 2639 Marium
693 2603 923 2639 Victorinum
948 2616 991 2650 p.
1016 2603 1122 2640 ‘2456
1145 2605 1188 2639 P.
1223 2603 1290 2650 (cf,
1323 2607 1433 2640 etiam
1463 2605 1633 2651 proleqq.
1667 2613 1749 2640 mea

239 2663 345 2709 fers).
377 2673 414 2707 p.
449 2658 543 2705 394)
661 2659 896 2705 Supplenlur
926 2663 1075 2696 numeri
1103 2662 1180 2695 sic.-
1219 2659 1318 2706 prius
1355 2671 1458 2706 quam
1490 2671 1554 2694 nos
1586 2670 1617 2695 e.
1649 2672 1683 2706 q.
1716 2671 1746 2696 s.

339 2727 462 2752 aurum
495 2720 529 2751 el
561 2726 717 2763 purpura
749 2716 885 2752 clauus
917 2718 1067 2752 tunicae
1089 2717 1148 2752 uel
1169 2727 1298 2750 aureus
1322 2718 1382 2751 nel
1412 2726 1616 2762 purpureus
1645 2717 1747 2752 uide-

229 2779 290 2809 Ιιιν
321 2773 593 2819 inlellegyendus
624 2782 705 2807 esse
821 2772 844 2807 3
876 2772 988 2807 soloci
1020 2772 1094 2807 lana
1118 2772 1318 2807 Mercerus
1348 2772 1507 2807 iambum
1539 2774 1694 2807 moliens

230 2832 380 2865 vonit-io
419 2828 537 2863 subiit)
578 2839 646 2875 cg«)
687 2827 727 2861 sul»
767 2828 841 2863 lauf:
884 2828 995 2863 soloci
1027 2828 1067 2862 ml
1101 2827 1291 2876 purpuram
1331 2827 1481 2863 deducta
1514 2827 1589 2873 (uel
1620 2827 1747 2873 dehita)

236 2897 331 2920 sum:
364 2897 412 2920 (ιη
447 2884 486 2919 {nl
518 2895 710 2932 purpuram
744 2884 885 2920 blattam
917 2884 994 2919 (luta
1028 2886 1158 2920 melius
1189 2886 1395 2920 conuenit?
